2925 4706
1241 312 1510 363 mnssx.

277 454 557 518 Neptunus
578 452 632 502 in
648 452 902 518 Enipeum
925 449 1152 504 fluvium.

275 530 551 594 Neptunus
572 528 625 577 iu
647 529 882 579 arietem.
1124 561 1133 568 »

275 606 550 670 Neptunus
574 606 625 653 in
648 615 852 670 equum.

274 682 555 746 Neptunus
576 680 628 729 in
650 680 965 747 delphiuem.

272 756 462 823 Apollo
483 758 536 807 in
562 763 839 822 pastorem.
942 789 949 796 -

272 833 467 899 Apollo
489 834 542 884 iu
567 834 890 899 accipitrem.

272 908 465 975 Apollo
486 911 538 958 in
562 911 782 960 leonem.

268 986 510 1036 Bacchus
535 986 588 1036 iu
612 1000 780 1035 uvam.

270 1063 521 1112 Saturnus
538 1062 589 1111 in
610 1077 817 1128 equum.
886 1057 891 1066 '

272 1139 443 1191 Niobe
459 1141 510 1189 iu
533 1155 772 1190 marmor.

271 1216 472 1267 Niobes
493 1216 713 1267 tiliorum
736 1231 897 1268 mors.

271 1290 578 1357 Amffliionis
602 1293 793 1344 exitus.

269 1367 420 1431 Lycii
442 1369 623 1419 rustici
641 1369 694 1417 in
712 1382 881 1419 ranas.

270 1444 489 1494 Manias
508 1445 561 1493 iu
578 1442 817 1496 fluvium.

269 1518 546 1570 Eburueus
567 1521 783 1586 Pelopis
803 1521 1064 1573 humerus.

267 1595 466 1646 Tereus
489 1596 541 1645 iu
565 1611 808 1660 upupam.

268 1670 477 1736 Progne
497 1671 552 1721 in
573 1671 912 1722 hirundinem.

270 1747 555 1798 Philomela
577 1749 631 1798 iu
653 1748 942 1799 lusciniam.

269 1823 524 1889 Orithyiae
547 1831 748 1889 raptus.

270 1898 430 1952 Zetes
454 1909 510 1954 et
532 1902 703 1953 Calais
726 1902 871 1954 alati.

578 2025 781 2076 LIBRI
810 2024 943 2076 vn.
1006 2045 1011 2050 ·

269 2123 528 2175 Draconis
549 2124 734 2176 dentes
755 2124 808 2174 in
835 2124 1063 2175 homines
1086 2130 1328 2176 armatos.

266 2199 474 2251 Sasonis
492 2200 544 2249 in
565 2200 784 2251 Colchos
805 2199 1088 2265 expeditio.

268 2275 453 2326 Phinei
473 2276 761 2326 calamitas.

268 2350 477 2402 Medeoe
500 2367 718 2403 amores.

266 2427 427 2478 Tauri
449 2429 621 2491 ignem
644 2426 895 2480 efflantes.

268 2502 546 2567 Pervigilis
569 2504 1021 2570 Draconissopor.

268 2579 423 2630 AEson
444 2593 509 2629 ex
528 2594 654 2629 seue
665 2581 893 2644 juvenis.

266 2654 466 2705 Aridus
487 2655 638 2705 olive
661 2670 832 2706 ramus
857 2657 909 2706 in
931 2656 1167 2708 viridem.

266 2729 454 2781 Gutta
476 2745 622 2795 aquae
639 2730 690 2779 in
703 2729 879 2781 flores.
918 2756 927 2761 ·

266 2804 522 2855 Nutrices
535 2805 727 2855 Bacchi
751 2820 817 2855 ex
834 2806 1265 2872 vetulisjuvenes.

264 2879 425 2930 Aries
447 2881 590 2930 senio
612 2880 881 2932 confectus
902 2882 957 2933 iu
977 2886 1182 2948 quum.

267 2955 438 3005 Peliae
462 2955 651 3006 cedes.

266 3030 552 3083 Cerambus
572 3033 623 3081 iu
648 3046 813 3083 avem.

263 3109 446 3160 Draco
469 3109 523 3158 iu
551 3124 753 3159 sunm.

261 3182 302 3235 J
308 3196 534 3233 uvencus
553 3184 605 3232 iu
626 3198 856 3234 cerrum.

267 3259 393 3310 eoa
415 3259 657 3309 mulieres
677 3266 924 3311 cornute.

261 3334 447 3385 Telchi
472 3337 580 3385 visu
601 3336 772 3385 omnia
793 3342 1071 3389 mutantes.

267 3409 466 3475 Hyries
485 3410 619 3460 filius
643 3412 696 3461 iu
714 3426 953 3476 cycnum.

265 3486 436 3550 Hyrie
449 3487 510 3535 in
532 3488 719 3538 lacum.

266 3562 467 3613 Combe
489 3563 542 3612 in
563 3577 727 3614 avem.

264 3635 438 3701 Fungi
460 3638 513 3687 iu
535 3638 782 3690 homiues.

265 3712 502 3763 Phineus
522 3713 575 3762 in
595 3728 760 3765 avem.

264 3788 524 3852 Periphas
543 3790 594 3838 in
620 3803 785 3839 avem.

262 3862 674 3928 Polyphemonis
696 3863 802 3915 filia
822 3867 874 3917 in
898 3881 1066 3918 arem.

262 3936 462 3989 Medea
477 3939 542 3988 ad
563 3941 795 4005 AEgeum.

264 4015 487 4066 Cerberi
510 4032 696 4081 spuma
715 4017 1073 4070 inaconitum.

263 4091 456 4142 Thesei
477 4094 642 4156 g'esta.

262 4168 497 4221 Scironis
519 4169 734 4221 latronis
752 4184 869 4222 ossa
888 4169 947 4220 in
964 4169 1221 4235 scopulos.

398 4252 931 4316 marmeno.

2342 297 2472 368 865

1408 453 1605 505 Minois
1625 453 1817 505 bellum
1839 455 1891 504 iu
1915 453 2278 514 Athenienses.

1405 528 1636 581 Sithonis
1656 531 1709 579 in
1730 531 2071 582 monedulam.

1407 606 1594 669 AEglna
1609 606 1776 655 insula
1798 622 1914 672 quae
1936 616 1995 659 et
2014 607 2237 659 OEnoua.

1406 680 1552 730 AEaci
1573 679 1683 730 filii.
2231 721 2236 724 ,

1407 756 1658 806 Formica
1680 758 1732 806 in
1752 756 2000 818 homiues.

1404 833 1584 883 Pestis
1600 833 1904 899 descriptio.
1996 873 2000 877 »

1406 907 1667 973 Cephalus
1688 909 1901 959 Procris
1924 910 2137 962 maritus
2163 909 2220 963 in
2241 910 2388 962 aliam
2412 910 2471 961 fi-

1472 997 1667 1046 guram.

1403 1059 1606 1123 Vulpes
1626 1066 1684 1114 et
1701 1061 1846 1111 cauis
1863 1062 1916 1112 in
1939 1074 2081 1114 saxa.

1405 1134 1675 1186 Procridis
1692 1152 1862 1188 mors.

1667 1247 1674 1256 '
1743 1263 1948 1315 mmu
1983 1264 2140 1316 v111.

1407 1361 1569 1414 Nisus
1593 1363 1647 1413 in
1668 1362 1911 1413 halietum
1934 1377 2103 1417 avem.

1282 1487 1290 1495 ,
1402 1439 1579 1504 Scylla
1600 1439 1652 1488 in
1672 1438 1847 1503 Cyrim
1869 1454 2034 1491 avem.

1405 1517 1545 1566 Muri
1570 1517 1789 1566 vocales.

1404 1590 1713 1656 labyrinthi
1738 1590 2003 1641 Cretensis
2023 1590 2321 1657 descriptio.

1405 1664 1653 1715 Ariadnae
1675 1679 1864 1715 corona
1884 1665 1937 1715 iu
1957 1663 2113 1717 sidus.

1404 1741 1613 1792 Daedali
1634 1744 1854 1792 volatus.

1402 1817 1565 1867 Talus
1584 1831 1716 1882 puer
1732 1831 1888 1867 serra
1907 1816 2192 1883 circinique
2210 1817 2464 1882 inventor,

1466 1892 1521 1942 in
1544 1893 1824 1957 perdicem.

1399 1967 1654 2019 Daedalus
1676 1968 1741 2017 ad
1763 1968 2025 2021 Cocalum.

1400 2042 1536 2108 Apri
1560 2042 1830 2108 Calydouil
1851 2045 2164 2110 descriptio.

1399 2117 1666 2170 Atalanta
1687 2119 1869 2171 forma.

1402 2194 1611 2246 Altheoe
1631 2195 1822 2247 fratres
1843 2213 1876 2247 a
1897 2198 2169 2263 Meleagro
2190 2201 2329 2251 coesi.

1405 2272 1582 2336 Stipes
1603 2273 1656 2321 in
1677 2288 1779 2338 quo
1795 2274 2050 2338 Meleagri
2074 2276 2201 2326 vita.

1406 2350 1660 2415 Meleagri
1688 2366 1842 2402 mors.
1941 2394 1945 2398 Α

1404 2427 1662 2491 Meleagri
1684 2442 1883 2478 sorores
1900 2428 1951 2477 in
1972 2442 2092 2481 aves
2109 2429 2467 2495 meleagridas.

1405 2502 1642 2554 Naiades
1664 2502 1715 2551 in
1734 2504 2026 2553 Echinadas
2048 2505 2257 2556 insulas.

1405 2578 1667 2630 Perimele
1689 2580 1918 2643 nympha
1940 2580 1993 2629 iu
2018 2579 2256 2631 insulam.

1405 2654 1675 2719 Oppidum
1697 2655 1751 2704 in
1771 2664 2026 2719 stagnum.

1402 2730 1615 2795 Jupiter
1638 2746 1753 2781 cum
1779 2731 2045 2783 Mercurio
2068 2733 2120 2783 in
2140 2733 2387 2784 homines.

1404 2809 1541 2858 Casa
1562 2807 1614 2856 in
1639 2808 1905 2871 templum.

1404 2883 1678 2934 Philemon
1702 2898 1819 2934 cum
1853 2884 2085 2934 Baucide
2122 2899 2286 2936 uxore
2313 2884 2366 2933 iu
2390 2898 2469 2934 ar·

1405 2959 1638 3085 Ρτξῗὲιέ
1652 3036 1704 3084 iu
1729 3035 1897 3085 varias
1919 3035 2126 3087 fou-mss.

1406 3112 1586 3161 Metra
1604 3112 1975 3184 Erisichthouis
2010 3112 2118 3163 filia
2149 3112 2206 3163 in
2229 3110 2393 3162 varias
2414 3109 2472 3160 fl-

1406 3204 1784 3317 Εῑξῖἰὶἴὶὴουίο
1805 3265 2058 3329 impietas.

1407 3341 1580 3391 Famis
1601 3341 1790 3406 patria.

1407 3416 1580 3465 Famis
1603 3417 1905 3481 descriptio.

1410 3490 1597 3540 Foedus
1621 3491 1993 3546 Erisichthonia
2010 3491 2196 3541 exitus.

1406 3563 1668 3615 Achelous
1691 3566 1742 3616 lu
1766 3567 1933 3616 varias
1955 3565 2162 3631 figuras.

1773 3691 1972 3742 LIBRI
2006 3692 2103 3742 lx,

1405 3787 1625 3838 Acheloi
1644 3787 1979 3854 Herculisque
2002 3791 2160 3841 lucta.

1409 3863 1665 3914 Achelous
1687 3863 1738 3912 in
1761 3878 2000 3928 anguem.
2077 3904 2078 3907 ,

1406 3939 1668 3990 Achelous
1691 3939 1742 3987 in
1766 3945 1988 3991 taurum.

1408 4016 1588 4081 Copiae
1610 4029 1794 4066 cornu.

1408 4093 1566 4143 Nessi
1584 4091 1822 4143 centauri
1838 4090 2029 4144 cedes.

1406 4169 1611 4222 Tunica
1624 4186 1657 4222 s
1667 4170 1918 4223 Deianira
1926 4170 1994 4221 ad
2004 4168 2285 4224 Herculem
2296 4172 2470 4224 missa.

1289 4250 1437 4304 Ouid.

2245 4252 2339 4302 ⁸1
