2925 4706
473 294 604 399 578

1213 330 1279 401 ΡΣ
1326 349 1572 400 ovum
1619 348 1952 399 NAsoms

483 497 619 562 Per
644 515 770 562 nos
802 493 1054 579 Scylla,
1082 495 1260 578 patri
1289 514 1499 560 canos
1529 494 1751 559 furata
1778 495 2092 578 capillos,

572 597 762 663 Pube
794 597 1034 681 premit
1057 597 1331 662 rabidos
1359 596 1876 679 inguinibusque
1907 615 2131 661 canes.

489 699 643 764 Nos
673 699 955 784 pedibus
982 718 1235 782 pennas
1264 698 1594 775 dedimus,
1623 717 1752 762 nos
1784 698 2082 763 crinibus
2115 716 2399 781 angues:

573 803 807 871 Victor
835 804 1252 870 Abantiades
1284 805 1441 869 alite
1467 802 1677 867 fertur
1705 822 1902 885 equo.

490 906 682 971 Idem
710 926 829 991 per
856 906 1149 990 spatium
1178 904 1429 989 Tityon
1458 903 1882 988 porreximus
1911 904 2179 987 ingens:

2599 901 2690 968 25

579 1007 671 1072 Et
696 1010 821 1073 tria
845 1009 1123 1092 vipereo
1152 1006 1436 1071 fecimus
1468 1023 1588 1069 ora
1616 1004 1795 1069 cani.

476 1217 630 1282 fidem
649 1217 802 1265 deesse
821 1213 976 1263 uerbis
996 1215 1129 1263 meis.
1196 1214 1298 1263 Per
1317 1228 1402 1264 nos

490 1278 765 1340 inguinibus
781 1279 989 1329 rabiosos
1018 1293 1169 1328 canes.

1605 1211 1781 1272 furata
1799 1213 1932 1277 patri
1966 1212 2120 1262 albam
2139 1224 2318 1261 comum
2337 1214 2482 1271 argee
2499 1208 2620 1272 pube
2643 1213 2698 1259 et

1237 1279 1339 1327 Nos
1373 1279 1488 1327 udhi
1551 1278 1674 1327 imus
1708 1279 1810 1326 ulus
1842 1276 2053 1340 pedibus,
2087 1290 2171 1325 nos
2203 1279 2445 1338 serpentes
2481 1273 2688 1336 rupinis.

493 1344 782 1394 Abantiades
813 1342 966 1392 victor
991 1343 1181 1392 vehitur
1214 1358 1328 1406 equo
1361 1343 1560 1393 volucri.
1627 1342 1737 1391 Nos
1757 1343 1902 1391 iidem
1923 1341 2178 1391 stravimus
2199 1340 2370 1404 Tityon

2398 1342 2692 1401 meudun

490 1410 726 1474 sparuna.-
759 1411 807 1458 εί
840 1408 1051 1457 deditum
1081 1413 1181 1457 tres
1199 1409 1349 1457 rictus
1364 1408 1474 1457 euni
1507 1407 1681 1471 viperis
1714 1406 1922 1457 hon-ido.
1972 1405 2289 1456 Exhibuimus
2310 1405 2602 1453 Enceladum
2621 1403 2693 1451 ui·

1417 1531 1778 1553 “mue“

492 1633 712 1684 nin—20
747 1631 832 1683 Al.
856 1633 1130 1684 maluerim.
1152 1633 1238 1683 Fr.

1257 1635 1442 1698 pondus
1459 1634 1658 1693 adesse3
1692 1638 1797 1682 tres
1819 1633 1886 1682 al.
1902 1632 2193 1682 ineam—21
2218 1630 2284 1680 Ρ.
2306 1634 2363 1680 et
2385 1628 2698 1706 quinque-1.

494 1697 852 1775 mapilla.
907 1698 1048 1774 ‘Post
1068 1698 1205 1748 bunc
1241 1712 1444 1747 versum
1467 1697 1734 1774 interserit
1755 1698 1950 1761 primus
1974 1697 2088 1775 Pal.
2126 1696 2266 1772 Nunc
2302 1695 2478 1744 hostem
2514 1699 2703 1757 patriar

496 1778 602 1812 cum
622 1764 812 1827 reliquis
839 1761 1018 1813 ambus.
1082 1763 1253 1813 Altera
1287 1762 1449 1827 Scylla
1471 1777 1618 1813 mm
1649 1765 1908 1811 monemus
1942 1762 2247 1812 mmmm
2288 1761 2451 1810 Circes
2472 1758 2610 1809 Pube
2633 1762 2700 1808 u·

1495 1927 1713 1978 NOTAE

501 2051 558 2095 et
595 2043 750 2094 fidem
788 2045 856 2095 de
893 2043 1135 2097 Corinuae
1168 2044 1336 2098 forma
1374 2046 1561 2099 fecisse

1704 2051 1770 2099 24
1802 2045 2114 2109 Abantiades]
2159 2042 2708 2108 Bellerophontemne,

504 2121 683 2172 videat
710 2120 900 2189 Poeta,
925 2122 1039 2185 jam
1074 2123 1215 2188 ipsos
1239 2123 1436 2174 Poetas
1458 2131 1584 2185 tes(
1640 2125 1730 2190 qui
1751 2126 1956 2187 Pegaso
1974 2137 2111 2188 equo
2132 2128 2318 2172 vectus
2355 2127 2454 2181 est,
2486 2134 2552 2169 an
2576 2120 2708 2181 Per-

504 2206 585 2249 tes
607 2212 709 2248 non
731 2212 845 2249 esse
867 2198 1080 2249 idoneos
1117 2200 1305 2265 quibus
1343 2202 1410 2251 sit
1429 2200 1562 2250 fides
1639 2215 1782 2250 seum
1825 2200 2108 2263 intelligas,
2157 2196 2370 2248 dubium
2413 2203 2529 2256 cst3
2584 2210 2707 2245 cum

501 2273 759 2338 habenda,
780 2273 1004 2338 probare
1023 2275 1226 2326 nititur.

566 2356 630 2401 21
667 2349 794 2414 Nos]
855 2350 1070 2413 Poeta,
1106 2351 1325 2416 scilicet,
1379 2350 1565 2417 quibus

503 2425 677 2477 omnia
697 2428 825 2477 licet
846 2425 1063 2492 fingere.

571 2500 755 2564 Scylla]
829 2501 965 2550 Duae
1025 2503 1138 2566 ejus
1187 2503 1407 2552 nominis
1461 2518 1568 2553 me-

505 2583 772 2624 morantur
812 2577 1000 2640 puellae
1036 2577 1102 2626 ab
1137 2578 1250 2641 ipso
1273 2579 1431 2628 etiam
1466 2580 1568 2629 Po·

506 2651 595 2700 iita
613 2656 819 2720 nostr03
853 2652 1022 2700 altera
1045 2652 1181 2714 Nisi,
1215 2654 1383 2704 altera
1404 2654 1570 2704 Phor·

506 2729 557 2776 ci
599 2726 734 2788 filiu
778 2741 992 2791 quarum
1036 2726 1256 2792 fabulas,
1298 2736 1356 2780 ut
1400 2730 1565 2795 magis

507 2803 681 2852 omnia
730 2803 944 2852 mentiri
1003 2803 1188 2854 credas
1239 2805 1378 2869 ipsos
1432 2807 1568 2857 Poe'·

508 2890 611 2937 tas,
643 2878 743 2927 boc
778 2879 830 2927 in
850 2879 965 2927 loco
988 2877 1262 2931 confundit
1284 2881 1428 2931 Naso
1447 2895 1567 2932 nos-

506 2962 608 3004 ter.
696 2952 875 3018 Atque
909 2954 1047 3004 istud
1077 2961 1244 3005 totum
1291 2964 1350 3005 ut
1385 2957 1569 3007 melius

510 3045 791 3094 cognoscas
822 3030 943 3080 vide
977 3031 1044 3080 sis
1064 3046 1183 3096 quae
1213 3033 1325 3095 ipse
1348 3033 1571 3085 Metam.

508 3107 600 3156 lib.
625 3119 750 3157 vm.
774 3111 831 3155 et
863 3118 981 3155 xxv.
1003 3106 1069 3155 ab
1092 3106 1239 3157 initio
1262 3107 1326 3158 de
1349 3115 1570 3174 utraque

511 3182 740 3248 scripsit.
1253 3193 1261 3202 ·

580 3259 756 3323 Canos]
811 3258 898 3309 Ad
940 3259 1060 3309 Nisi
1104 3261 1315 3310 aetatem
1355 3260 1573 3324 respicit

510 3335 611 3386 hoc
633 3334 685 3384 in
707 3336 822 3386 loco
857 3335 1059 3396 Poeta3
1098 3349 1218 3385 nam
1254 3350 1572 3402 purpureum

509 3411 692 3461 dicunt
728 3410 883 3461 fuisse
923 3410 1031 3475 ejus
1064 3407 1275 3460 fatalem
1310 3411 1572 3475 capillum.

574 3490 639 3536 22
675 3486 832 3551 Pube]
877 3485 1116 3551 Pingitur
1151 3487 1322 3551 Scylla
1357 3493 1572 3554 pectore

511 3568 664 3613 tenus
687 3563 1080 3625 pulcherrimam
1110 3562 1372 3615 foeminam
1394 3563 1573 3628 fuisse,

512 3636 741 3688 inferiori
765 3650 887 3686 vero
910 3639 1144 3702 corporis
1177 3647 1346 3704 parte,
1370 3655 1574 3702 canum,

508 3714 770 3778 luporum,
806 3717 895 3761 aut
933 3714 1088 3762 etiam
1124 3721 1421 3779 serpentum
1457 3731 1574 3781 spe·

511 3788 644 3838 ciem
683 3788 993 3853 praetulisse.
1059 3789 1179 3840 Qua
1208 3790 1273 3840 de
1296 3805 1352 3840 re
1376 3793 1577 3856 prolixe

515 3863 670 3916 Ovid.
694 3865 805 3913 loeo
826 3863 980 3913 modo
1002 3863 1164 3913 citato
1182 3863 1402 3917 Metam.
1425 3880 1554 3932 xiv„

576 3943 641 3989 23
678 3939 869 3989 Pennus
888 3938 1118 4002 dedimus]
1165 3940 1361 3992 Perseo
1393 3944 1577 3994 talaria

512 4028 545 4064 a
566 4015 829 4065 Mercurio
848 4011 973 4064 data
994 4012 1210 4070 fabulati
1231 4023 1351 4067 sunt
1372 4017 1573 4070 Poetae.

580 4089 803 4139 Crinibus
823 4088 1021 4153 ungues]
1059 4091 1333 4143 Medusam
1354 4093 1576 4158 vipereis

511 4165 713 4229 capillis
753 4164 1131 4217 formidabilem
1175 4168 1330 4220 iidem
1368 4168 1576 4221 menda·

517 4256 602 4294 ces
623 4241 807 4296 Po'e'toe
829 4240 1079 4296 fecerunt.

1643 2276 2094 2340 Bellerophontem
2130 2273 2337 2338 quidem
2365 2286 2429 2322 eo
2448 2285 2583 2336 equo
2606 2270 2708 2320 Pe·

1647 2366 1771 2416 gaso
1794 2358 2003 2402 vectum
2023 2348 2182 2400 fuisse
2205 2355 2404 2400 certum
2424 2346 2512 2410 sit,
2537 2346 2711 2398 Aban-

1647 2427 1716 2476 tis
1740 2432 1915 2475 autem
1949 2426 2101 2474 ullius
2137 2431 2380 2489 nepotem
2405 2422 2569 2473 fuisse
2604 2435 2711 2472 non

1647 2508 1886 2551 constet:
1943 2500 2132 2550 deinde
2190 2499 2409 2550 Abantis
2463 2506 2714 2563 nepotem

1647 2575 1807 2627 fuisse
1829 2577 2036 2641 quidem
2066 2576 2319 2625 Perseum
2341 2589 2408 2624 ex
2430 2573 2715 2639 Apollodo-

1648 2667 1707 2702 ro
1744 2654 1942 2703 clarum
1977 2651 2275 2716 sit,'nullibi
2298 2665 2422 2702 vero
2446 2651 2712 2715 Pegasum

1648 2729 1940 2780 ascendisse
1959 2743 2076 2778 eum
2097 2729 2319 2792 legatur.
2362 2727 2715 2779 Quamobrem

1648 2806 1692 2855 si
1726 2813 1959 2856 coactam
1982 2813 2038 2856 et
2071 2806 2225 2855 anxie
2264 2805 2535 2871 quesitam
2558 2819 2719 2870 expo-

1646 2882 1907 2944 sitionem,
1947 2895 2099 2947 quam
2134 2888 2287 2932 vocat
2318 2882 2430 2946 ipse
2467 2881 2716 2944 Mycillus

1648 2958 1760 3022 ejus
1782 2964 1985 3019 auctor,
2002 2958 2284 3008 admittere
2300 2956 2450 3019 nolis,
2466 2956 2551 3007 bic
2568 2957 2716 3007 locus

1649 3036 1809 3085 etiam
1826 3034 1901 3084 sic
1925 3035 2118 3097 exponi
2142 3039 2350 3096 potest:
2379 3031 2718 3097 Abantiades,

1649 3126 1740 3162 seu
1777 3111 2022 3174 Perseus,
2064 3108 2252 3175 fertur,
2273 3125 2365 3160 seu
2401 3109 2720 3174 celebratur,

1649 3201 1781 3251 equo
1805 3187 1958 3247 alite3
2000 3186 2099 3236 hoc
2124 3192 2222 3250 est,
2243 3186 2361 3250 quia
2385 3200 2413 3235 c
2449 3186 2721 3250 sanguine,

1649 3264 1736 3330 qui
1770 3278 1837 3314 ex
1867 3278 2006 3314 caeso
2030 3277 2062 3313 a
2083 3264 2280 3314 Perseo
2315 3264 2552 3314 Medusa
2586 3263 2724 3315 Gor-

1649 3339 1795 3403 gonis
1824 3339 1997 3403 capite
2020 3339 2072 3389 in
2096 3346 2287 3389 terram
2310 3337 2552 3405 defluxit,
2566 3345 2720 3390 natus

1651 3422 1735 3465 est
1755 3415 1993 3479 Pegasus
2023 3416 2190 3466 alatus
2222 3430 2402 3481 equus.
2466 3415 2573 3467 Sed
2604 3417 2720 3466 nul·

1653 3492 1734 3540 lus
1776 3491 1912 3541 ausit
1951 3489 2207 3541 affirmare
2238 3505 2414 3552 ¹annon
2461 3490 2620 3553 forte,
2660 3499 2727 3543 ut

1655 3566 1961 3617 Graecorum
2001 3568 2142 3617 varia
2164 3565 2395 3631 fuerunt,
2425 3566 2724 3632 presertim

1655 3639 1707 3690 in
1746 3638 1933 3692 fabulis
1964 3642 2255 3706 narrandis,
2290 3643 2514 3707 ingenia,
2550 3644 2727 3695 Poeta

1653 3723 1830 3769 noster
1850 3719 1989 3783 apud
2022 3720 2262 3783 aliquem,
2300 3719 2553 3772 Perseum
2586 3735 2726 3786 equo

1654 3794 1793 3844 alato
1819 3803 2027 3845 vectum
2048 3793 2226 3860 fuisse,
2242 3797 2444 3860 legerit.
2508 3797 2654 3850 Quid
2675 3799 2724 3849 si

1655 3869 1778 3919 data
1817 3884 1980 3935 opera
2013 3878 2199 3921 contra
2232 3870 2523 3922 fabularum
2561 3872 2724 3924 fidem

1654 3945 1859 3996 locutus
1884 3951 1962 3995 est
1992 3945 2201 3996 Poeta?

1717 4025 1780 4071 26
1821 4021 2018 4085 Tityon]
2085 4021 2207 4071 Fuit
2249 4023 2355 4086 bic,
2405 4029 2468 4073 ut
2509 4025 2724 4075 mentiti

1651 4102 1774 4145 sunt
1806 4095 2012 4160 Poe‘tae,
2034 4097 2148 4161 ipso
2170 4095 2375 4149 fatente
2397 4097 2609 4163 Ovidio,
2630 4100 2725 4151 Jo-

1654 4172 1731 4223 vis
1755 4185 1822 4221 ex
1857 4172 2014 4221 Elara
2045 4171 2200 4237 filius,
2224 4174 2312 4239 qui
2351 4189 2469 4224 cum
2501 4175 2720 4224 Latonoe

1653 4246 1757 4298 vim
1778 4245 1971 4299 inferre
1994 4253 2269 4317 tentasset,
2284 4249 2351 4302 ab
2373 4250 2619 4317 Apolline
2640 4265 2721 4303 sa-
