2925 4706
486 365 619 435 870
1232 379 1947 435 unvanonrnosuou

553 528 672 578 In.
695 539 772 579 ιν.
806 526 1060 579 Atestinae
1081 532 1272 590 tamem
1292 540 1393 577 una
1429 533 1546 576 eum
1585 525 1865 590 sororibus,
1884 532 2188 580 constanter
2210 541 2275 579 ea
2296 511 2690 582 contemnebat.

486 608 574 660 Sic
597 615 655 658 ut
670 606 807 658 festo
826 605 912 657 die
939 609 1106 658 varias
1126 608 1195 658 ad
1215 607 1642 659 columbinor-ias
1675 608 1779 657 iliae
1802 609 1938 657 inter
1961 622 2017 659 se
2041 620 2252 678 narrare
2275 612 2556 676 coeperint,
2580 625 2698 676 par-

485 691 589 741 tim
605 690 670 739 de
692 704 845 741 morus
864 688 1162 752 denigratio,
1180 690 1368 753 partim
1386 689 1452 738 de
1479 687 1712 752 Apolline
1730 689 1781 737 in
1803 688 2127 753 Eurynomen
2145 703 2314 752 verso,
2329 699 2388 739 ut
2407 694 2693 742 cum-Leu-

486 770 671 821 cothoe
705 771 1101 821 concumberet:
1135 770 1467 835 quamobrem
1491 769 1663 832 Clytie
1700 771 1937 833 zelotypa
1967 769 2019 818 in
2055 769 2420 835 heliotropium
2460 779 2695 823 mutata:

485 852 679 917 partim
712 854 869 902 etiam
894 854 960 902 de
998 851 1437 916 Hermaphrodito
1456 857 1511 901 et
1533 848 1822 900 Salmacide
1844 851 2086 915 nympha,
2108 851 2160 901 in
2178 866 2334 902 unum
2357 868 2552 918 corpus
2574 870 2697 905 eon·

482 933 669 982 cretis.
736 933 853 986 Quo
873 931 1037 995 facto,
1053 946 1253 982 sorores
1276 932 1401 996 ipsse
1422 933 1475 980 in
1499 932 1914 995 vespertiliones,
1931 943 2208 1022 earumque
2230 934 2352 983 telae
2374 934 2428 982 in
2450 935 2614 985 vitem
2638 943 2698 985 et

485 1014 757 1077 pampinos
792 1013 1174 1064 transformatae
1199 1021 1335 1063 sunt.
1401 1013 1518 1062 Hac
1554 1012 1621 1062 de
1658 1026 1717 1061 re
1738 1025 1855 1062 cum
1879 1011 2059 1076 Agave
2082 1014 2370 1073 letaretur,
2407 1016 2699 1079 magnusei

487 1092 639 1144 dolor
657 1094 863 1144 oblatus
884 1102 964 1144 est
992 1112 1004 1145 ε
1036 1111 1151 1145 cum
1175 1095 1273 1144 Ino
1291 1100 1347 1144 et
1368 1093 1619 1144 Athamas
1653 1094 1706 1142 in
1740 1107 1884 1143 mare
1908 1106 2011 1167 ‘per
2034 1093 2282 1143 insaniam
2319 1097 2698 1159 prosiluerunt,

484 1171 715 1239 factique
737 1183 855 1224 sunt
879 1175 962 1223 Dii
997 1174 1194 1224 marini.
1259 1174 1402 1226 Quos
1423 1173 1545 1222 dum
1569 1173 1807 1223 mulieres
1835 1173 2104 1224 Thebane
2142 1189 2236 1239 pro
2259 1176 2477 1225 mortuis
2511 1175 2701 1241 deplo-

489 1259 630 1316 rant,
649 1255 702 1304 in
724 1268 847 1304 saxa
869 1263 925 1303 et
944 1255 1177 1304 volucres
1194 1260 1590 1304 commutamur.
1657 1251 1881 1303 Cadmus
1902 1267 2102 1319 quoqne
2115 1254 2215 1305 hac
2238 1256 2536 1306 calamitate
2555 1272 2699 1308 com·

488 1342 676 1399 motus,
715 1335 907 1384 relictis
942 1335 1151 1399 Thebis,
1188 1336 1241 1384 in
1277 1334 1508 1400 illyriam
1547 1349 1666 1383 cum
1705 1347 1863 1383 uxore
1902 1333 2162 1399 profectus
2201 1343 2315 1387 est:
2349 1336 2438 1388 ubi
2471 1344 2702 1403 uterque

490 1416 794 1480 anguineam
816 1415 1032 1466 formam
1052 1416 1275 1480 accepit.
1339 1417 1491 1466 Solus
1525 1429 1653 1479 ergo
1686 1416 1917 1466 restabat
1947 1416 2015 1466 de
2050 1417 2248 1467 Bacchi
2286 1418 2704 1469 contemtoribus

492 1495 891 1564 Acrisiuffiavus
909 1497 1109 1559 Persei,
1129 1499 1216 1562 qni
1235 1498 1493 1562 Gorgonis
1509 1503 1665 1561 capnt
1680 1497 1988 1560 amputavit,
2011 1511 2041 1546 e
2064 1497 2212 1562 cnjus
2236 1499 2401 1562 guttis
2424 1498 2476 1547 in
2499 1504 2700 1549 terram

492 1576 719 1640 delapsis
732 1590 925 1642 angues
946 1579 1116 1627 exorti
1140 1584 1291 1628 sunt:
1330 1585 1387 1628 et
1403 1576 1675 1628 Atlantem
1691 1578 1742 1626 iu
1766 1583 2011 1639 montem,
2031 1577 2330 1643 virgasque,
2350 1585 2472 1642 post
2491 1578 2702 1628 Andro·

491 1657 695 1707 medam
733 1658 1024 1720 liberatam,
1061 1659 1113 1708 in
1145 1659 1345 1724 lapides
1381 1661 1659 1718 convertit.
1726 1659 1862 1709 Orto
1900 1658 2089 1708 deinde
2128 1661 2183 1709 iu
2216 1659 2418 1723 nuptiis
2453 1659 2704 1724 tumultu,

492 1736 751 1788 Phineum
773 1754 887 1789 cum
911 1739 1033 1802 suis,
1054 1753 1258 1804 unaque
1282 1740 1518 1790 Proetum
1543 1748 1598 1800 et
1619 1739 1959 1804 Polydecten,
1983 1753 2163 1789 saxeos
2184 1738 2431 1789 reddidit.

555 1820 675 1869 Lm.
697 1834 750 1870 v,
781 1822 909 1870 Tum
933 1821 1127 1881 Pallas,
1149 1835 1262 1885 quae
1280 1821 1530 1871 hactenus
1555 1836 1725 1871 comes
1750 1819 1937 1882 fuerat,
1958 1821 2069 1884 ipso
2088 1820 2290 1882 relicto,
2311 1821 2364 1869 iu
2383 1820 2700 1872 Heliconem

493 1887 549 1947 ἑο.
580 1897 804 1961 confert,
825 1907 884 1949 ut
913 1899 1285 1963 Hippocrenen
1308 1900 1567 1964 inspiciat.
1633 1900 1715 1950 Ibi
1739 1908 1952 1950 narrant
1975 1901 2048 1950 illi
2072 1901 2238 1952 Musa
2262 1900 2332 1950 de
2352 1900 2623 1965 Pyt-cneo,
2644 1910 2703 1951 et

496 1973 797 2028 Pieridlbns
811 1979 865 2028 in
891 1979 1036 2042 picas
1070 1979 1366 2040 conversim
1398 1986 1690 2045 postquam,
1707 1985 1864 2029 cantu
1885 1980 1951 2029 de
1972 1979 2127 2030 variis
2149 1971 2702 2033 transfor-nationibus

499 2057 756 2120 instituto,
774 2071 891 2108 cnm
913 2061 1038 2124 ipsis
1062 2059 1473 2110 contendissent.
1741 2115 1742 2118 ,

560 2139 685 2189 Lm.
709 2151 787 2188 vr.
821 2140 938 2192 Quo
957 2141 1195 2205 exemplo
1216 2148 1359 2192 mota
1372 2143 1511 2203 Dea,
1529 2155 1678 2191 anum
1701 2151 1756 2190 se
1778 2139 1922 2191 fecit.
1955 2141 2140 2206 Itaque
2161 2142 2292 2192 inito
2310 2156 2430 2192 cum
2454 2142 2702 2194 Arachne

491 2220 704 2269 texendi
729 2222 1029 2285 certamine,
1060 2228 1333 2287 postquam
1355 2222 1625 2288 utriusque
1649 2222 1754 2272 tela
1776 2222 1944 2272 varias
1980 2221 2469 2273 transformationes
2507 2237 2704 2289 reprae-

492 2301 738 2366 sentavit,
764 2302 928 2367 ipsam
961 2304 1013 2352 in
1050 2318 1288 2356 araneam
1327 2304 1567 2355 mutavit.
1633 2301 1776 2355 Nihil
1816 2310 1988 2352 tamen
2025 2303 2123 2352 hoc
2160 2303 2367 2353 Nioben
2390 2305 2578 2365 movit,
2602 2315 2707 2371 quo

496 2383 667 2433 minus
704 2376 901 2435 amissis
923 2386 1100 2436 liberis
1128 2386 1180 2435 in
1219 2400 1397 2436 saxum
1434 2386 1816 2437 obduresceret.
1881 2386 2001 2438 Quo
2030 2383 2235 2450 quidem
2257 2386 2494 2449 cognito,
2517 2387 2706 2450 vulgus

496 2461 690 2526 Lycios
713 2465 932 2529 rusticos
954 2466 1006 2515 in
1029 2480 1181 2516 ranas
1205 2481 1235 2515 a
1258 2466 1427 2516 Diana
1447 2480 1637 2530 versos,
1651 2472 1706 2515 et
1725 2467 1987 2529 Marsyam
2011 2464 2078 2514 ab
2094 2464 2338 2529 Apolline
2358 2466 2710 2536 excoriatum,

493 2542 545 2590 in
569 2544 863 2593 memoriam
903 2545 1181 2596 revocavit.
1248 2545 1480 2611 Cumque
1515 2545 1581 2595 ad
1606 2545 1948 2595 consolandos
1981 2545 2253 2595 Thebanos
2285 2545 2441 2595 urbes
2463 2544 2708 2597 finitim-

495 2625 873 2683 convenissent,
892 2624 987 2675 soli
1003 2623 1278 2674 defuerunt
1305 2612 1676 2674 Athenienses:
1713 2624 1952 2689 quoniam
1969 2639 2000 2673 a
2017 2623 2191 2675 Temo
2212 2623 2359 2689 nege
2381 2624 2711 2676 infestabun-

498 2710 601 2754 tur.
666 2704 773 2756 Qui
796 2705 984 2755 deinde
1006 2712 1243 2770 stuprata
1276 2705 1580 2769 Philomela,
1604 2705 1656 2754 in
1679 2712 1906 2770 upupam
1928 2703 2322 2754 trau-formatas
2350 2703 2487 2754 fnitz
2526 2718 2711 2770 quem·

498 2782 775 2834 admodum
810 2791 866 2834 et
903 2786 1189 2836 Philomela
1224 2786 1278 2835 in
1317 2786 1606 2847 lusciniam,
1638 2801 1700 2836 ac
1741 2786 1943 2837 Procne
1966 2786 2019 2835 in
2052 2785 2394 2837 hirundinem.
2461 2785 2602 2838 Qun
2626 2800 2712 2837 res

497 2863 755 2913 Pandioni
778 2878 955 2914 socero
976 2866 1261 2930 intellecta,
1293 2874 1512 2916 mortem
1537 2867 1729 2918 attulit.
1796 2866 1934 2916 Huic
1966 2866 2020 2915 in
2048 2879 2210 2930 reguo
2228 2866 2488 2916 successit
2510 2867 2711 2917 Erech·

494 2944 679 2993 theus:
719 2959 748 2993 e
769 2946 915 3008 cujus
935 2944 1042 2995 filia
1064 2946 1324 3012 Orithyia,
1361 2948 1560 2997 Boreas
1597 2948 1780 2999 Calain
1817 2947 2116 3012 procreavit
2138 2954 2195 2997 ct
2229 2947 2450 2997 Zethen.
2519 2948 2626 3001 Qui
2651 2948 2709 2997 in

498 3023 915 3087 Argonautarum
951 3038 1165 3076 numero
1202 3026 1457 3092 quondam
1494 3025 1744 3090 fuerunt3
1786 3041 1904 3078 cum
1933 3027 2113 3090 Jason‚
2149 3027 2415 3077 seminatis
2444 3028 2713 3093 serpentia

501 3105 759 3166 dentibus,
782 3120 811 3154 e
834 3105 1019 3170 quibus
1055 3107 1284 3159 homines
1322 3110 1505 3159 armati
1544 3109 1864 3175 prodierunt,
1885 3115 1943 3159 et
1974 3107 2197 3158 dracone
2217 3107 2406 3172 sopito,
2425 3109 2595 3159 vellus
2616 3122 2712 3158 au*

499 3201 645 3236 reum
671 3188 863 3239 retulit.

564 3269 684 3318 Lm.
705 3281 809 3317 vn.
845 3269 896 3318 ls
936 3277 1205 3335 postquam
1247 3270 1451 3320 domum
1487 3286 1603 3321 cum
1627 3270 1819 3320 Medea
1848 3268 2021 3331 rediit,
2052 3266 2229 3318 AEsoni
2243 3268 2341 3318 illa
2363 3267 2712 3332 juventutem

502 3348 747 3398 reddidit.
816 3348 1149 3414 Eandemque
1175 3346 1336 3399 Peliae
1372 3351 1620 3415 pollicita,
1657 3349 1919 3415 premisso
1940 3348 2118 3397 arietis
2138 3349 2189 3398 in
2213 3361 2403 3411 agnum
2429 3348 2714 3401 reforma!

501 3429 808 3489 specimine,
829 3428 949 3477 dolo
970 3442 1087 3477 eum
1109 3429 1320 3479 occidit.
1362 3429 1494 3479 Inde
1518 3444 1612 3494 per
1636 3430 1776 3479 varia
1796 3430 1910 3478 loca
1931 3428 2103 3477 multis
2126 3428 2346 3492 insignia
2369 3428 2712 3480 tras-formu-

499 3505 724 3554 tiouibus
746 3508 939 3570 delata,
959 3515 1078 3570 post
1109 3510 1311 3559 occisos
1333 3509 1543 3571 liberos,
1572 3509 1736 3573 AEgeo
1757 3507 1946 3572 nupsit.
2010 3507 2206 3558 Contra
2225 3508 2363 3559 bunc
2393 3516 2584 3573 postea
2601 3509 2718 3560 bet-

500 3585 609 3633 inni
633 3586 790 3635 movit
813 3588 1015 3649 Minos3
1048 3589 1280 3640 collectis
1304 3589 1531 3654 undique
1556 3590 1751 3654 copiis:
1786 3595 1846 3639 ut
1867 3595 1924 3638 et
1946 3603 1975 3639 e
1992 3588 2152 3640 Paro.
2219 3591 2392 3643 Quam
2418 3602 2540 3641 cum
2562 3584 2714 3641 Arn'o

412 3732 417 3737 ᾖ
502 3665 759 3729 quondam
798 3666 1129 3730 prodidisset,
1167 3670 1219 3719 in
1257 3669 1581 3719 monedulam
1612 3668 1782 3719 fuerat
1803 3682 2071 3726 conversa.
2139 3669 2209 3719 At
2240 3670 2428 3721 AEacus
2452 3671 2524 3722 ab
2544 3673 2718 3736 AEgeo

505 3746 672 3809 stetit,
691 3751 750 3795 et
772 3745 837 3793 ad
859 3760 976 3795 eum
1010 3748 1364 3811 Myrmidones
1388 3762 1524 3812 suos,
1545 3764 1575 3798 e
1606 3748 1836 3799 formicis
1870 3753 2031 3809 ortos,
2053 3749 2245 3800 auxillo
2267 3744 2429 3813 misit,
2446 3751 2586 3801 doce
2608 3752 2715 3802 Cei·

502 3825 694 3889 pholo:
727 3826 812 3892 qni
835 3827 958 3877 olim
980 3841 1194 3879 uxorem
1214 3844 1375 3891 suam,
1396 3838 1596 3880 mutata
1633 3830 1731 3879 sibi
1752 3828 1937 3892 forma,
1968 3829 2019 3878 ln
2057 3829 2371 3880 adulterium
2394 3833 2719 3910 pensan-s,

503 3912 789 3972 canemque
810 3921 957 3957 suum
977 3908 1124 3958 simul
1146 3922 1264 3960 cum
1290 3910 1445 3973 vulpe
1464 3909 1520 3959 in
1542 3922 1669 3959 saxa
1688 3908 1923 3959 converti
1939 3908 2156 3959 viderat.

506 3994 515 4009 ’
567 3987 688 4037 Lm.
716 3999 841 4036 vsu.
877 3986 1049 4038 Mino·
1071 3990 1280 4040 interim
1309 3988 1610 4041 *Alcathoen
1640 3990 1880 4041 obsidet:
1913 4004 2016 4054 qua
2035 3997 2213 4054 capta,
2251 3992 2416 4042 Nisus
2437 3993 2496 4042 in
2529 3994 2718 4045 boli-⁶

506 4071 647 4116 etum
676 4075 731 4117 et
747 4069 925 4132 Scylla
948 4070 997 4117 in
1027 4070 1153 4118 cirin
1174 4067 1321 4119 fuere
1345 4070 1594 4119 translati.
1660 4064 1800 4119 Hinc
1815 4069 1871 4118 in
1893 4068 2110 4120 &uam
2125 4070 2217 4120 ille
2237 4082 2482 4121 rever-ms
2496 4079 2606 4135 est,
2619 4068 2716 4123 ubi

504 4144 831 4197 Minotaurus
855 4148 1145 4212 labyrintho
1170 4157 1285 4199 erat
1303 4135 1547 4201 inclusus.
1611 4150 1777 4203 Quem
1795 4162 1918 4200 cum
1935 4151 2157 4200 nesano
2176 4144 2246 4199 de
2275 4150 2454 4201 medlo
2472 4153 2721 4204 sensiatis·

508 4230 610 4287 set,
631 4239 748 4276 cnm
770 4226 1001 4278 Ariadne
1022 4229 1077 4278 iu
1099 4232 1322 4293 patriam
1345 4231 1627 4297 rediturus,
1644 4245 1759 4283 eam
1779 4233 1834 4281 in
1854 4231 2042 4282 itinere
2063 4230 2359 4296 dereliquit.
2424 4230 2579 4284 Tunc
2593 4224 2718 4283 e'ans

507 4303 747 4357 Bacchus
768 4307 1024 4373 assumsit,
1037 4309 1250 4375 ejusque
1271 4324 1515 4362 coronam
1530 4312 1667 4364 inter
1686 4310 1858 4362 sidera
1879 4311 2171 4364 collocavit.
2209 4310 2397 4365 Icarus
2417 4324 2570 4379 voto,
2587 4326 2718 4366 cun
