2925 4706
865 338 1584 391 asss'rauonvnosssou
1634 342 1782 391 mn.
1829 343 1912 393 1¹.

301 481 501 566 Cepit
524 479 994 565 Atlantiades;
1034 486 1251 553 dictas
1279 508 1321 552 a
1351 488 1646 555 Pallade,
1662 463 1872 554 terras
1991 535 1994 540 -

298 583 598 668 Linquit,
628 592 693 650 et
720 587 1082 668 ingreditur
1098 588 1377 672 jactatis
1407 591 1936 675 aethera-pennis.
2017 655 2022 658 .

301 686 595 751 Sevocat
621 687 797 751 hunc
821 690 1104 770 genitor3
1146 711 1274 754 nec
1306 711 1580 758 causam
1608 693 1836 767 fassus
1863 693 2130 772 amoriS,

300 785 472 852 Fide
499 789 821 865 minister,
844 790 1346 874 aitnjussorum,
1376 802 1555 873 nate,
1567 792 1902 873 meorum,

303 888 495 952 Pelle
523 909 799 968 moram,
833 892 1167 976 solitoque
1182 896 1369 960 celer
1399 897 1701 961 delabere
1729 917 1965 962 cursu:

303 988 613 1073 Quaeque
635 997 819 1056 tuam
838 1001 1125 1065 matrem
1152 996 1355 1061 tellus
1383 1016 1426 1060 a
1452 1004 1641 1081 parte
1671 999 1940 1063 sinistra
2003 1067 2011 1074 ἃ

305 1091 628 1175 Suspicit,
655 1091 1016 1177 (indigenae
1049 1095 1371 1162 Sidonida
1397 1099 1661 1162 nomine
1690 1098 1968 1179 dicunt,)

2369 1100 2496 1187 8⁴0

306 1192 508 1259 Hanc
534 1205 723 1278 pete:
766 1195 1080 1281 quodque
1108 1200 1341 1283 procul
1371 1208 1689 1266 montano
1719 1204 2011 1284 gramine
2039 1203 2236 1286 pasci

301 1447 422 1499 ιιι-ἑὲ
438 1451 593 1498 ten-us
609 1449 863 1514 appellatas
882 1463 913 1497 a
942 1451 1182 1515 Minerva,
1218 1456 1266 1501 et
1288 1452 1441 1501 intrat
1472 1454 1633 1502 coelum
1666 1453 1760 1502 alis
1777 1454 1932 1502 motis.
2000 1453 2151 1503 Pater
2170 1469 2274 1503 eum
2293 1468 2499 1518 seorsum
2521 1465 2526 1472 ·

298 1511 568 1575 prehendit,
588 1528 734 1577 aeque
752 1518 955 1566 testam
971 1530 1155 1564 masaa
1176 1517 1371 1578 moris,
1394 1516 1520 1578 Fili,
1555 1516 1730 1580 inquit,
1752 1519 1919 1582 fidelis
1937 1518 2155 1568 asinina·
2174 1521 2501 1568 mandatorum

304 1576 743 1640 mundalia«,
763 1582 811 1627 et
831 1580 967 1628 velox
986 1581 1207 1628 descende
1227 1585 1355 1629 motu
1373 1588 1577 1639 macto,
1608 1587 1654 1629 et
1677 1583 1744 1630 ito
1764 1584 1816 1630 in
1838 1598 1939 1631 eam
1961 1589 2159 1644 terram,
2179 1599 2283 1645 qua
2302 1583 2498 1646 suspicit

304 1643 437 1698 mm
469 1646 667 1691 matrem
686 1657 717 1691 a
734 1646 875 1706 parte
895 1645 1014 1693 laeua
1034 1644 1235 1708 (incole
1252 1646 1495 1707 appellant
1530 1645 1835 1707 Sidonidtm)
1845 1663 1864 1704 ,·
1898 1651 1944 1695 et
1962 1661 2052 1708 age
2071 1648 2134 1695 ud
2154 1647 2291 1696 littus
2304 1661 2500 1709 gregem

304 1885 468 1932 -835
502 1883 631 1933 A'e'ra
671 1882 784 1936 sere
817 1901 994 1936 omnes
1031 1888 1151 1938 libri
1193 1904 1285 1953 pro
1321 1891 1682 1940 ‹etham—886
1712 1887 1868 1937 Multi
1908 1888 2121 1936 Adeomt
2155 1887 2307 1943 leun,-
2341 1885 2503 1934 Grou.

301 1952 481 1997 meat.
513 1948 748 1999 Malebat
785 1952 944 2000 etiam
982 1953 1230 2003 Francius
1251 1967 1440 2004 camna
1465 1953 1515 2013 f.
1544 1955 1927 2002 amorem-88⁷
1963 1952 2209 2001 Heidelb.
2230 1952 2321 2013 ait,
2342 1950 2501 2015 verbo-

296 2015 585 2063 nna—8⁸8
618 2013 728 2063 Alii
759 2015 1001 2079 abitoque
1037 2019 1336 2069 celem—889
1368 2018 1616 2068 Heidelb.
1651 2019 1710 2066 de
1734 2017 2059 2066 Parta-841
2097 2014 2244 2066 Leid.
2280 2028 2411 2064 unus
2452 2014 2502 2060 in

1296 2186 1510 2238 NOTAE

292 2308 535 2373 Hersen,
553 2324 669 2374 quae
693 2310 877 2363 cistam
902 2312 1001 2364 sibi
1023 2320 1078 2365 et
1100 2313 1368 2365 Pandroso

304 2402 338 2439 a
357 2385 600 2436 Minerva
616 2389 990 2453 concreditam,
1004 2392 1371 2454 resignassent,

304 2462 416 2511 viso
438 2461 797 2527 Erichthonio,
826 2466 996 2515 Furiis
1013 2467 1234 2530 agitatas
1256 2481 1370 2516 sese

305 2552 373 2587 ex
399 2551 521 2587 arce
544 2539 843 2603 praecipites
875 2541 1109 2591 dedisse:
1148 2541 1281 2607 quod
1303 2541 1369 2590 de

306 2628 414 2665 una
456 2614 638 2665 saltem
676 2617 729 2666 in
773 2618 917 2668 Diris
959 2619 1208 2670 adversus
1249 2620 1368 2670 Ibin

306 2690 650 2763 comprobare
674 2691 881 2743 videtur
896 2693 1089 2746 Poeta.

378 2768 476 2815 832
508 2766 632 2831 Sua]
665 2768 871 2833 Invida,
912 2771 1133 2834 scilicet,
1185 2771 1370 2827 aut-li·

307 2842 447 2894 vida.

377 2921 476 2967 8⁸4
509 2919 690 2969 Dictus
724 2936 755 2969 a
790 2921 1012 2984 Pallade]
1057 2921 1198 2973 Ante
1239 2923 1370 2973 dixi·

307 3009 427 3045 mus
465 2994 733 3045 Palladem
765 3012 854 3047 seu
886 2999 1196 3059 Minervam,
1226 3000 1370 3062 Nep-

311 3078 444 3121 tuno
465 3071 629 3134 victo,
663 3073 750 3137 qui
778 3088 894 3123 cum
929 3074 1043 3138 ipsa
1080 3082 1200 3123 uter
1217 3088 1370 3126 novae

309 3145 515 3197 civitati
548 3160 732 3196 nomen
780 3149 932 3199 daret
967 3149 1373 3214 disceptaverat,

313 3235 435 3272 cum
459 3237 640 3271 munus
678 3227 1009 3287 praestantius
1032 3226 1195 3275 oleam
1220 3241 1372 3292 quam

313 3297 556 3361 Neptuni
580 3313 767 3362 equum
809 3302 1135 3364 contulisset,
1157 3301 1375 3352 Athenis

314 3386 504 3422 nomen
564 3389 708 3423 suum
767 3376 1009 3427 dedisse:
1066 3379 1179 3441 ipsa
1235 3379 1372 3428 enim

310 3447 490 3505 Ἀθηνᾶ
510 3447 712 3499 dicitur.
842 3490 845 3495 .

381 3526 484 3572 839
533 3524 764 3589 Quaque]
807 3525 978 3575 Locus
1015 3524 1373 3576 difficillimus:

314 3599 574 3662 quomodo
618 3601 779 3662 enim,
824 3600 1081 3664 inquiunt,
1134 3601 1378 3650 Pleiadas

313 3673 519 3737 stellas,
552 3683 710 3740 atque
738 3678 788 3725 in
820 3676 881 3726 iis
912 3677 1106 3726 Maiam
1132 3676 1379 3725 Mercurii

316 3758 560 3812 matrem,
603 3766 634 3800 a
676 3751 885 3800 sinistra
908 3752 1169 3815 suspicere
1205 3757 1382 3813 potest

312 3827 620 3877 Pboenicia?
689 3827 816 3876 Rem
844 3835 1023 3890 totam,
1048 3834 1108 3875 ut
1130 3827 1248 3875 mibi
1274 3827 1381 3891 qui-

316 3901 462 3964 dem,
493 3903 660 3952 donec
684 3902 893 3951 meliora
929 3902 1180 3967 quispiam
1213 3900 1381 3965 profe-

314 3985 427 4040 rat,
449 3986 530 4028 sat
551 3981 638 4041 sit,
658 3980 732 4028 ita
755 3978 1005 4027 conficio:
1042 3979 1289 4037 Dextras,
1313 3977 1380 4027 ad

313 4053 591 4105 meridiem
635 4063 827 4117 partes,
864 4054 1142 4117 laevasque,
1165 4052 1230 4101 ad
1253 4053 1382 4116 Sep·

1450 2309 1627 2380 giones
1674 2314 1998 2378 assignantis.
2080 2313 2262 2363 Poetae
2307 2311 2505 2375 pariter

1450 2394 1517 2445 ad
1534 2392 1832 2455 Apollinem
1858 2405 2001 2440 suum
2025 2396 2079 2437 et
2102 2389 2168 2438 ad
2191 2395 2361 2437 ortum
2384 2401 2506 2435 con·

1451 2469 1607 2532 versi,
1627 2468 1841 2517 dextras
1866 2468 1918 2514 in
1955 2463 2242 2524 meridiem,
2275 2461 2506 2510 sinistras

1450 2545 1503 2593 in
1520 2543 1955 2608 Septemtrionem
1972 2538 2333 2590 obvertebant.
2356 2535 2508 2601 Plue-

1452 2621 1596 2670 nices
1622 2620 1777 2682 igitur
1811 2616 2054 2667 Pleiades
2094 2630 2125 2664 a
2162 2613 2368 2679 sinistra
2403 2623 2509 2660 non

1450 2702 1736 2759 potuerunt
1750 2693 2009 2758 aspicere,
2023 2706 2139 2757 quae
2164 2690 2276 2739 sitae
2312 2695 2434 2739 sunt
2455 2688 2509 2738 in

1447 2774 1638 2834 Tauro,
1671 2780 1823 2836 atque
1860 2768 1989 2818 adeo
2037 2767 2091 2817 in
2129 2764 2515 2831 AEquinoctiali,

1451 2849 1704 2914 siquidem
1759 2848 1834 2897 illi
1887 2852 1980 2895 ext
2079 2842 2508 2909 AEquinoctialem

1451 2927 1631 2990 positi,
1653 2933 1709 2974 et
1729 2925 1891 2988 magis
1913 2923 1978 2972 ad
2038 2920 2458 2986 eptemtrionem‚
2480 2932 2510 2965 a

1452 3001 1638 3050 dextra
1653 3001 1875 3049 Taurum
1892 3006 1946 3047 et
1960 2996 2204 3045 Pleiades
2218 2995 2511 3045 habuerint.

1453 3076 1594 3127 Quid
1617 3076 1780 3138 ergo?
1844 3075 2037 3137 Tamne
2071 3071 2310 3134 graviter
2336 3070 2511 3131 lapsus

1453 3151 1641 3213 Poeta,
1662 3157 1722 3199 ut
1750 3150 1990 3198 dextram
2026 3162 2058 3195 a
2083 3147 2299 3196 ,sinistra
2333 3143 2514 3196 distin-

1452 3240 1614 3293 guere
1653 3223 1965 3274 nesciverit?
2017 3222 2208 3284 Nugae.
2260 3222 2398 3283 Ergo
2437 3219 2512 3267 sic

1420 3306 1431 3318 ‘
1453 3303 1668 3366 accipe:
1698 3301 1870 3350 Tellus
1889 3296 2120 3357 Sidonia,
2143 3301 2233 3345 aut
2255 3302 2402 3344 certe
2423 3295 2511 3342 bo·

1452 3380 1617 3429 mines
1652 3377 1740 3442 qui
1783 3376 1833 3425 in
1857 3381 2113 3433 caeram,
2133 3371 2292 3434 magis
2312 3386 2343 3420 a
2364 3380 2513 3433 parte

1454 3455 1663 3503 sinistra
1688 3451 1792 3511 siti,
1824 3464 1938 3499 cum
1979 3448 2032 3497 in
2058 3446 2275 3509 melum,
2308 3459 2402 3494 suo
2435 3459 2515 3493 re·

1453 3532 1643 3592 spectu
1665 3524 1906 3574 dextrum
1927 3523 2176 3584 Taurum,
2196 3526 2355 3587 atque
2376 3520 2438 3569 in·
2453 3532 2516 3569 eo

1457 3601 1723 3662 Pleiades,
1753 3605 2072 3662 matremque
2107 3595 2362 3646 Mercurii
2382 3594 2516 3645 Mai·-

1457 3692 1539 3726 am
1563 3674 1934 3739 suspiciebant,
1968 3687 2000 3722 a
2036 3672 2243 3722 sinistra
2263 3678 2426 3736 *parte
2462 3672 2519 3718 ii·

1457 3754 1580 3813 lam,
1606 3764 1749 3815 'quae
1791 3749 1857 3798 ad
1896 3748 2134 3797 dextram
2174 3753 2310 3809 erat,
2352 3746 2519 3793 intue-

1447 3830 1668 3885 bantur.

1526 3902 1780 3965 Sidonida]
1817 3901 1936 3950 Fuit
1970 3898 2129 3948 Sidon
2166 3850 2521 3963 antiquissima

1460 3988 1517 4032 et
1536 3978 1876 4030 celeberrima
1899 3973 2181 4023 Puoeniciae
2217 3973 2417 4035 civitas,
2453 3975 2520 4024 ad

1462 4057 1616 4107 maris
1628 4049 2006 4104 Mediterranei
2023 4062 2165 4099 oram
2182 4047 2524 4109 Orientalem3

318 4130 657 4180 temtrionem
690 4144 807 4179 esse
830 4129 979 4179 dixit.
1045 4128 1220 4179 Verba
1264 4135 1388 4179 sunt
1466 4148 1498 4182 a
1541 4145 1643 4196 qua
1664 4127 1900 4185 ,Sido-is.
1923 4124 2364 4192 patronymicum,
2380 4128 2518 4194 quod

320 4204 462 4259 Livii
484 4204 552 4255 de
572 4203 786 4270 Augure
806 4204 1009 4298 Templi
1029 4206 1289 4271 auguralis
1307 4220 1388 4257 re·
1468 4211 1554 4263 hic
1576 4223 1671 4277 pro
1695 4212 1834 4259 terra
1853 4201 2064 4257 Sidonia
2085 4202 2308 4268 ponitur.
