<?xml version="1.0" encoding="UTF-8"?>
<!DOCTYPE html PUBLIC "-//W3C//DTD XHTML 1.0 Transitional//EN"
    "http://www.w3.org/TR/xhtml1/DTD/xhtml1-transitional.dtd">
<html xmlns="http://www.w3.org/1999/xhtml" xml:lang="en" lang="en">
 <head>
  <title>
</title>
<meta http-equiv="Content-Type" content="text/html;charset=utf-8" />
  <meta name='ocr-system' content='tesseract 3.04.00' />
  <meta name='ocr-capabilities' content='ocr_page ocr_carea ocr_par ocr_line ocrx_word'/>
</head>
<body>
  <div class='ocr_page' id='page_1' title='image "./povidiinasoniso08ovidgoog_0270.png"; bbox 0 0 2925 4706; ppageno 0'>
   <div class='ocr_carea' id='block_1_1' title="bbox 479 359 2032 433">
    <p class='ocr_par' dir='ltr' id='par_1_1' title="bbox 479 359 2032 433">
     <span class='ocr_line' id='line_1_1' title="bbox 479 359 2032 433; baseline -0.017 1"><span class='ocrx_word' id='word_1_1' title='bbox 479 365 610 433; x_wconf 78' lang='lat'>820</span> <span class='ocrx_word' id='word_1_2' title='bbox 1124 373 1227 422; x_wconf 72' lang='lat' dir='ltr'>An</span> <span class='ocrx_word' id='word_1_3' title='bbox 1277 366 1547 419; x_wconf 75' lang='lat' dir='ltr'>mvum</span> <span class='ocrx_word' id='word_1_4' title='bbox 1596 359 2032 413; x_wconf 54' lang='lat' dir='ltr'>Aucusrsn.</span> 
     </span>
    </p>
   </div>
   <div class='ocr_carea' id='block_1_2' title="bbox 482 507 2749 3736">
    <p class='ocr_par' dir='ltr' id='par_1_2' title="bbox 482 507 2749 3736">
     <span class='ocr_line' id='line_1_2' title="bbox 482 507 2005 604; baseline -0.015 -12"><span class='ocrx_word' id='word_1_5' title='bbox 482 525 762 592; x_wconf 84' lang='lat' dir='ltr'>Scilicet</span> <span class='ocrx_word' id='word_1_6' title='bbox 788 522 1032 604; x_wconf 74' lang='lat' dir='ltr'>exiguo</span> <span class='ocrx_word' id='word_1_7' title='bbox 1062 535 1383 604; x_wconf 87' lang='lat' dir='ltr'>percussa</span> <span class='ocrx_word' id='word_1_8' title='bbox 1409 533 1486 579; x_wconf 89' lang='lat' dir='ltr'>es</span> <span class='ocrx_word' id='word_1_9' title='bbox 1512 510 1807 577; x_wconf 83' lang='lat' dir='ltr'><strong>fulminis</strong></span> <span class='ocrx_word' id='word_1_10' title='bbox 1828 507 2005 586; x_wconf 74' lang='lat' dir='ltr'>ictu:</span> 
     </span>
     <span class='ocr_line' id='line_1_3' title="bbox 572 610 1886 706; baseline -0.014 -15"><span class='ocrx_word' id='word_1_11' title='bbox 572 627 829 691; x_wconf 83' lang='lat' dir='ltr'>Fortior</span> <span class='ocrx_word' id='word_1_12' title='bbox 858 631 935 687; x_wconf 91' lang='lat' dir='ltr'>ut</span> <span class='ocrx_word' id='word_1_13' title='bbox 961 622 1184 706; x_wconf 88' lang='lat' dir='ltr'>possis</span> <span class='ocrx_word' id='word_1_14' title='bbox 1212 617 1521 683; x_wconf 81' lang='lat' dir='ltr'>cladibus</span> <span class='ocrx_word' id='word_1_15' title='bbox 1549 632 1698 678; x_wconf 89' lang='lat' dir='ltr'>esse</span> <span class='ocrx_word' id='word_1_16' title='bbox 1726 610 1886 676; x_wconf 88' lang='lat' dir='ltr'>tuis.</span> 
     </span>
     <span class='ocr_line' id='line_1_4' title="bbox 488 712 2192 807; baseline -0.015 -11"><span class='ocrx_word' id='word_1_17' title='bbox 488 727 762 795; x_wconf 88' lang='lat' dir='ltr'>Occidit</span> <span class='ocrx_word' id='word_1_18' title='bbox 789 725 1173 807; x_wconf 77' lang='lat' dir='ltr'>exemplum</span> <span class='ocrx_word' id='word_1_19' title='bbox 1196 720 1464 806; x_wconf 81' lang='lat' dir='ltr'>juvenis</span> <span class='ocrx_word' id='word_1_20' title='bbox 1490 712 1871 783; x_wconf 82' lang='lat' dir='ltr'>venerabile</span> <span class='ocrx_word' id='word_1_21' title='bbox 1898 726 2192 775; x_wconf 89' lang='lat' dir='ltr'>morum:</span> 
     </span>
     <span class='ocr_line' id='line_1_5' title="bbox 576 815 2039 900; baseline -0.017 -3"><span class='ocrx_word' id='word_1_22' title='bbox 576 828 923 896; x_wconf 78' lang='lat' dir='ltr'>Maximus</span> <span class='ocrx_word' id='word_1_23' title='bbox 953 827 1069 891; x_wconf 91' lang='lat' dir='ltr'>ille</span> <span class='ocrx_word' id='word_1_24' title='bbox 1098 823 1323 900; x_wconf 90' lang='lat' dir='ltr'>armis,</span> <span class='ocrx_word' id='word_1_25' title='bbox 1352 819 1689 886; x_wconf 81' lang='lat' dir='ltr'>maximus</span> <span class='ocrx_word' id='word_1_26' title='bbox 1720 815 1836 879; x_wconf 89' lang='lat' dir='ltr'>ille</span> <span class='ocrx_word' id='word_1_27' title='bbox 1864 819 2039 894; x_wconf 83' lang='lat' dir='ltr'>toga.</span> 
     </span>
     <span class='ocr_line' id='line_1_6' title="bbox 492 904 2689 1012; baseline -0.016 -11"><span class='ocrx_word' id='word_1_28' title='bbox 492 934 619 1001; x_wconf 89' lang='lat' dir='ltr'>Ille</span> <span class='ocrx_word' id='word_1_29' title='bbox 646 930 849 997; x_wconf 88' lang='lat' dir='ltr'>modo</span> <span class='ocrx_word' id='word_1_30' title='bbox 879 928 1125 1012; x_wconf 87' lang='lat' dir='ltr'>eripuit</span> <span class='ocrx_word' id='word_1_31' title='bbox 1151 924 1523 990; x_wconf 83' lang='lat' dir='ltr'>latebrosas</span> <span class='ocrx_word' id='word_1_32' title='bbox 1554 916 1864 983; x_wconf 81' lang='lat' dir='ltr'>hostibus</span> <span class='ocrx_word' id='word_1_33' title='bbox 1894 913 2139 997; x_wconf 83' lang='lat' dir='ltr'><strong>Alpes,</strong></span> <span class='ocrx_word' id='word_1_34' title='bbox 2606 904 2689 967; x_wconf 86' lang='grc'>15</span> 
     </span>
     <span class='ocr_line' id='line_1_7' title="bbox 579 1015 1974 1103; baseline -0.014 -5"><span class='ocrx_word' id='word_1_35' title='bbox 579 1033 669 1100; x_wconf 92' lang='lat' dir='ltr'>Et</span> <span class='ocrx_word' id='word_1_36' title='bbox 693 1032 950 1100; x_wconf 91' lang='lat' dir='ltr'>titulum</span> <span class='ocrx_word' id='word_1_37' title='bbox 977 1029 1139 1093; x_wconf 90' lang='lat' dir='ltr'>belli</span> <span class='ocrx_word' id='word_1_38' title='bbox 1161 1025 1322 1103; x_wconf 86' lang='lat' dir='ltr'>dux,</span> <span class='ocrx_word' id='word_1_39' title='bbox 1351 1023 1521 1087; x_wconf 89' lang='lat' dir='ltr'>duce</span> <span class='ocrx_word' id='word_1_40' title='bbox 1545 1019 1772 1095; x_wconf 86' lang='lat' dir='ltr'>fratre,</span> <span class='ocrx_word' id='word_1_41' title='bbox 1798 1015 1974 1083; x_wconf 82' lang='lat' dir='ltr'>tulit.</span> 
     </span>
     <span class='ocr_line' id='line_1_8' title="bbox 495 1113 2306 1218; baseline -0.015 -16"><span class='ocrx_word' id='word_1_42' title='bbox 495 1136 624 1203; x_wconf 90' lang='lat' dir='ltr'>Ille</span> <span class='ocrx_word' id='word_1_43' title='bbox 653 1154 852 1218; x_wconf 85' lang='lat' dir='ltr'>genus</span> <span class='ocrx_word' id='word_1_44' title='bbox 881 1134 1145 1198; x_wconf 87' lang='lat' dir='ltr'>Suevos</span> <span class='ocrx_word' id='word_1_45' title='bbox 1172 1146 1346 1204; x_wconf 89' lang='lat' dir='ltr'>acre,</span> <span class='ocrx_word' id='word_1_46' title='bbox 1377 1122 1867 1204; x_wconf 89' lang='lat' dir='ltr'>indomitosque</span> <span class='ocrx_word' id='word_1_47' title='bbox 1898 1113 2306 1199; x_wconf 80' lang='lat' dir='ltr'>Sygambros</span> 
     </span>
     <span class='ocr_line' id='line_1_9' title="bbox 590 1214 2196 1314; baseline -0.016 -12"><span class='ocrx_word' id='word_1_48' title='bbox 590 1235 926 1311; x_wconf 83' lang='lat' dir='ltr'>Contudit,</span> <span class='ocrx_word' id='word_1_49' title='bbox 956 1234 1163 1314; x_wconf 88' lang='lat' dir='ltr'>inque</span> <span class='ocrx_word' id='word_1_50' title='bbox 1190 1230 1423 1311; x_wconf 83' lang='lat' dir='ltr'>fugam</span> <span class='ocrx_word' id='word_1_51' title='bbox 1452 1225 1739 1290; x_wconf 87' lang='lat' dir='ltr'>barbara</span> <span class='ocrx_word' id='word_1_52' title='bbox 1767 1225 1946 1301; x_wconf 87' lang='lat' dir='ltr'>terga</span> <span class='ocrx_word' id='word_1_53' title='bbox 1973 1214 2196 1280; x_wconf 86' lang='lat' dir='ltr'>dedit:</span> 
     </span>
     <span class='ocr_line' id='line_1_10' title="bbox 500 1319 2219 1420; baseline -0.013 -18"><span class='ocrx_word' id='word_1_54' title='bbox 500 1337 940 1420; x_wconf 83' lang='lat' dir='ltr'>Ignotumque</span> <span class='ocrx_word' id='word_1_55' title='bbox 966 1334 1089 1399; x_wconf 88' lang='lat' dir='ltr'>tibi</span> <span class='ocrx_word' id='word_1_56' title='bbox 1116 1331 1376 1408; x_wconf 90' lang='lat' dir='ltr'>meruit,</span> <span class='ocrx_word' id='word_1_57' title='bbox 1406 1328 1744 1403; x_wconf 80' lang='lat' dir='ltr'>Romane,</span> <span class='ocrx_word' id='word_1_58' title='bbox 1775 1319 2219 1402; x_wconf 78' lang='lat' dir='ltr'>triumphum3</span> 
     </span>
     <span class='ocr_line' id='line_1_11' title="bbox 563 1406 2698 1516; baseline -0.015 -14"><span class='ocrx_word' id='word_1_59' title='bbox 563 1438 878 1503; x_wconf 66' lang='lat' dir='ltr'>Protulit</span> <span class='ocrx_word' id='word_1_60' title='bbox 903 1437 974 1499; x_wconf 92' lang='lat' dir='ltr'>in</span> <span class='ocrx_word' id='word_1_61' title='bbox 999 1443 1206 1501; x_wconf 86' lang='lat' dir='ltr'>terras</span> <span class='ocrx_word' id='word_1_62' title='bbox 1234 1430 1725 1516; x_wconf 82' lang='lat' dir='ltr'>imperiumque</span> <span class='ocrx_word' id='word_1_63' title='bbox 1753 1441 1987 1488; x_wconf 82' lang='lat' dir='ltr'>novas.</span> <span class='ocrx_word' id='word_1_64' title='bbox 2613 1406 2698 1471; x_wconf 77' lang='lat'>20</span> 
     </span>
     <span class='ocr_line' id='line_1_12' title="bbox 505 1532 2066 1615; baseline -0.013 -11"><span class='ocrx_word' id='word_1_65' title='bbox 505 1539 776 1604; x_wconf 83' lang='lat' dir='ltr'>Solvere</span> <span class='ocrx_word' id='word_1_66' title='bbox 802 1545 965 1605; x_wconf 85' lang='lat' dir='ltr'>vota</span> <span class='ocrx_word' id='word_1_67' title='bbox 985 1537 1030 1602; x_wconf 84' lang='lat' dir='ltr'>J</span> <span class='ocrx_word' id='word_1_68' title='bbox 1036 1537 1173 1615; x_wconf 84' lang='lat' dir='ltr'>ovi,</span> <span class='ocrx_word' id='word_1_69' title='bbox 1202 1536 1489 1600; x_wconf 83' lang='lat' dir='ltr'>fatorum</span> <span class='ocrx_word' id='word_1_70' title='bbox 1515 1533 1747 1612; x_wconf 84' lang='lat' dir='ltr'>ignara</span> <span class='ocrx_word' id='word_1_71' title='bbox 1777 1532 2066 1599; x_wconf 87' lang='lat' dir='ltr'>tuorum,</span> 
     </span>
     <span class='ocr_line' id='line_1_13' title="bbox 597 1627 1989 1719; baseline -0.014 -13"><span class='ocrx_word' id='word_1_72' title='bbox 597 1639 842 1719; x_wconf 85' lang='lat' dir='ltr'>Mater,</span> <span class='ocrx_word' id='word_1_73' title='bbox 872 1642 941 1703; x_wconf 91' lang='lat' dir='ltr'>et</span> <span class='ocrx_word' id='word_1_74' title='bbox 969 1638 1295 1704; x_wconf 76' lang='lat' dir='ltr'>armiferae</span> <span class='ocrx_word' id='word_1_75' title='bbox 1318 1635 1579 1700; x_wconf 81' lang='lat' dir='ltr'>solvere</span> <span class='ocrx_word' id='word_1_76' title='bbox 1599 1636 1766 1694; x_wconf 73' lang='lat' dir='ltr'>vota</span> <span class='ocrx_word' id='word_1_77' title='bbox 1790 1627 1989 1700; x_wconf 83' lang='lat' dir='ltr'>Deae,</span> 
     </span>
     <span class='ocr_line' id='line_1_14' title="bbox 508 1725 2179 1823; baseline -0.014 -15"><span class='ocrx_word' id='word_1_78' title='bbox 508 1741 1015 1823; x_wconf 85' lang='lat' dir='ltr'>Gradivumque</span> <span class='ocrx_word' id='word_1_79' title='bbox 1043 1744 1301 1823; x_wconf 88' lang='lat' dir='ltr'>patrem</span> <span class='ocrx_word' id='word_1_80' title='bbox 1330 1734 1523 1799; x_wconf 87' lang='lat' dir='ltr'>donis</span> <span class='ocrx_word' id='word_1_81' title='bbox 1551 1730 1821 1814; x_wconf 89' lang='lat' dir='ltr'>implere</span> <span class='ocrx_word' id='word_1_82' title='bbox 1847 1725 2179 1809; x_wconf 70' lang='lat' dir='ltr'>parabas:</span> 
     </span>
     <span class='ocr_line' id='line_1_15' title="bbox 598 1825 2196 1926; baseline -0.012 -19"><span class='ocrx_word' id='word_1_83' title='bbox 598 1841 688 1907; x_wconf 91' lang='lat' dir='ltr'>Et</span> <span class='ocrx_word' id='word_1_84' title='bbox 715 1857 1181 1926; x_wconf 87' lang='lat' dir='ltr'>quoscumque</span> <span class='ocrx_word' id='word_1_85' title='bbox 1211 1835 1342 1901; x_wconf 91' lang='lat' dir='ltr'>coli</span> <span class='ocrx_word' id='word_1_86' title='bbox 1362 1835 1612 1918; x_wconf 90' lang='lat' dir='ltr'>jusque</span> <span class='ocrx_word' id='word_1_87' title='bbox 1643 1830 1960 1915; x_wconf 88' lang='lat' dir='ltr'>piumque</span> <span class='ocrx_word' id='word_1_88' title='bbox 1989 1825 2196 1889; x_wconf 84' lang='lat' dir='ltr'>Deos.</span> 
     </span>
     <span class='ocr_line' id='line_1_16' title="bbox 515 1918 2716 2026; baseline -0.013 -17"><span class='ocrx_word' id='word_1_89' title='bbox 515 1944 954 2026; x_wconf 88' lang='lat' dir='ltr'>Maternaque</span> <span class='ocrx_word' id='word_1_90' title='bbox 983 1957 1214 2004; x_wconf 89' lang='lat' dir='ltr'>sacros</span> <span class='ocrx_word' id='word_1_91' title='bbox 1242 1936 1549 2019; x_wconf 78' lang='lat' dir='ltr'>agitabas</span> <span class='ocrx_word' id='word_1_92' title='bbox 1574 1937 1794 1996; x_wconf 91' lang='lat' dir='ltr'>mente</span> <span class='ocrx_word' id='word_1_93' title='bbox 1824 1926 2226 2011; x_wconf 88' lang='lat' dir='ltr'>triumphos:</span> <span class='ocrx_word' id='word_1_94' title='bbox 2630 1918 2716 1983; x_wconf 72' lang='lat'>25</span> 
     </span>
     <span class='ocr_line' id='line_1_17' title="bbox 607 2036 2402 2122; baseline -0.012 -13"><span class='ocrx_word' id='word_1_95' title='bbox 607 2045 919 2109; x_wconf 86' lang='lat' dir='ltr'>Forsitan</span> <span class='ocrx_word' id='word_1_96' title='bbox 945 2047 1011 2106; x_wconf 92' lang='lat' dir='ltr'>et</span> <span class='ocrx_word' id='word_1_97' title='bbox 1037 2060 1214 2106; x_wconf 83' lang='lat' dir='ltr'>curae</span> <span class='ocrx_word' id='word_1_98' title='bbox 1236 2038 1383 2122; x_wconf 92' lang='lat' dir='ltr'>jam</span> <span class='ocrx_word' id='word_1_99' title='bbox 1409 2037 1534 2102; x_wconf 90' lang='lat' dir='ltr'>tibi</span> <span class='ocrx_word' id='word_1_100' title='bbox 1563 2052 1796 2100; x_wconf 88' lang='lat' dir='ltr'>currus</span> <span class='ocrx_word' id='word_1_101' title='bbox 1824 2036 1988 2094; x_wconf 86' lang='lat' dir='ltr'>erat.</span> <span class='ocrx_word' id='word_1_102' title='bbox 2389 2060 2402 2069; x_wconf 90' lang='lat'>-</span> 
     </span>
     <span class='ocr_line' id='line_1_18' title="bbox 520 2127 2237 2228; baseline -0.012 -17"><span class='ocrx_word' id='word_1_103' title='bbox 520 2146 777 2211; x_wconf 86' lang='lat' dir='ltr'>Funera</span> <span class='ocrx_word' id='word_1_104' title='bbox 799 2163 923 2228; x_wconf 89' lang='lat' dir='ltr'>pro</span> <span class='ocrx_word' id='word_1_105' title='bbox 954 2142 1166 2207; x_wconf 91' lang='lat' dir='ltr'>sacris</span> <span class='ocrx_word' id='word_1_106' title='bbox 1194 2140 1317 2205; x_wconf 90' lang='lat' dir='ltr'>tibi</span> <span class='ocrx_word' id='word_1_107' title='bbox 1348 2144 1508 2203; x_wconf 89' lang='lat' dir='ltr'>sunt</span> <span class='ocrx_word' id='word_1_108' title='bbox 1533 2133 1835 2201; x_wconf 88' lang='lat' dir='ltr'>ducenda</span> <span class='ocrx_word' id='word_1_109' title='bbox 1860 2127 2237 2213; x_wconf 86' lang='lat' dir='ltr'>triumphis,</span> 
     </span>
     <span class='ocr_line' id='line_1_19' title="bbox 608 2220 2170 2326; baseline -0.013 -13"><span class='ocrx_word' id='word_1_110' title='bbox 608 2248 697 2313; x_wconf 91' lang='lat' dir='ltr'>Et</span> <span class='ocrx_word' id='word_1_111' title='bbox 723 2246 1014 2311; x_wconf 89' lang='lat' dir='ltr'>tumulus</span> <span class='ocrx_word' id='word_1_112' title='bbox 1045 2244 1341 2308; x_wconf 80' lang='lat' dir='ltr'>Drusum</span> <span class='ocrx_word' id='word_1_113' title='bbox 1369 2260 1496 2326; x_wconf 91' lang='lat' dir='ltr'>pro</span> <span class='ocrx_word' id='word_1_114' title='bbox 1525 2239 1570 2304; x_wconf 84' lang='lat' dir='ltr'>J</span> <span class='ocrx_word' id='word_1_115' title='bbox 1573 2220 1726 2303; x_wconf 80' lang='lat' dir='ltr'>ovis</span> <span class='ocrx_word' id='word_1_116' title='bbox 1752 2252 1902 2300; x_wconf 91' lang='lat' dir='ltr'>arce</span> <span class='ocrx_word' id='word_1_117' title='bbox 1930 2234 2170 2296; x_wconf 89' lang='lat' dir='ltr'>manet.</span> 
     </span>
     <span class='ocr_line' id='line_1_20' title="bbox 523 2331 2290 2434; baseline -0.013 -18"><span class='ocrx_word' id='word_1_118' title='bbox 523 2349 863 2434; x_wconf 86' lang='lat' dir='ltr'>Fingebas</span> <span class='ocrx_word' id='word_1_119' title='bbox 890 2347 1229 2426; x_wconf 80' lang='lat' dir='ltr'>reducem3</span> <span class='ocrx_word' id='word_1_120' title='bbox 1272 2346 1743 2429; x_wconf 73' lang='lat' dir='ltr'>praeceptaque</span> <span class='ocrx_word' id='word_1_121' title='bbox 1771 2342 1987 2410; x_wconf 82' lang='lat' dir='ltr'>mente</span> <span class='ocrx_word' id='word_1_122' title='bbox 2011 2331 2290 2398; x_wconf 77' lang='lat' dir='ltr'>fovebas</span> 
     </span>
     <span class='ocr_line' id='line_1_21' title="bbox 611 2427 2730 2530; baseline -0.013 -14"><span class='ocrx_word' id='word_1_123' title='bbox 611 2450 918 2530; x_wconf 83' lang='lat' dir='ltr'>Gaudia3</span> <span class='ocrx_word' id='word_1_124' title='bbox 963 2452 1029 2511; x_wconf 92' lang='lat' dir='ltr'>et</span> <span class='ocrx_word' id='word_1_125' title='bbox 1058 2451 1212 2512; x_wconf 90' lang='lat' dir='ltr'>ante</span> <span class='ocrx_word' id='word_1_126' title='bbox 1243 2445 1483 2510; x_wconf 88' lang='lat' dir='ltr'>oculos</span> <span class='ocrx_word' id='word_1_127' title='bbox 1503 2444 1652 2527; x_wconf 88' lang='lat' dir='ltr'>jam</span> <span class='ocrx_word' id='word_1_128' title='bbox 1680 2440 1806 2504; x_wconf 90' lang='lat' dir='ltr'>tibi</span> <span class='ocrx_word' id='word_1_129' title='bbox 1836 2437 2051 2502; x_wconf 85' lang='lat' dir='ltr'>victor</span> <span class='ocrx_word' id='word_1_130' title='bbox 2079 2437 2245 2497; x_wconf 87' lang='lat' dir='ltr'>erat.</span> <span class='ocrx_word' id='word_1_131' title='bbox 2641 2427 2730 2492; x_wconf 75' lang='lat'>30</span> 
     </span>
     <span class='ocr_line' id='line_1_22' title="bbox 524 2535 2218 2633; baseline -0.012 -15"><span class='ocrx_word' id='word_1_132' title='bbox 524 2554 569 2619; x_wconf 82' lang='lat' dir='ltr'><strong>J</strong></span> <span class='ocrx_word' id='word_1_133' title='bbox 577 2575 685 2618; x_wconf 84' lang='lat' dir='ltr'>am</span> <span class='ocrx_word' id='word_1_134' title='bbox 712 2550 972 2616; x_wconf 82' lang='lat' dir='ltr'>veniet:</span> <span class='ocrx_word' id='word_1_135' title='bbox 1008 2549 1153 2633; x_wconf 85' lang='lat' dir='ltr'>jam</span> <span class='ocrx_word' id='word_1_136' title='bbox 1180 2565 1289 2610; x_wconf 92' lang='lat' dir='ltr'>me</span> <span class='ocrx_word' id='word_1_137' title='bbox 1317 2540 1900 2628; x_wconf 14' lang='lat' dir='ltr'>gratantemrturba</span> <span class='ocrx_word' id='word_1_138' title='bbox 1926 2535 2218 2601; x_wconf 82' lang='lat' dir='ltr'>videbit:</span> 
     </span>
     <span class='ocr_line' id='line_1_23' title="bbox 614 2638 2083 2732; baseline -0.012 -16"><span class='ocrx_word' id='word_1_139' title='bbox 614 2653 659 2718; x_wconf 85' lang='lat' dir='ltr'>J</span> <span class='ocrx_word' id='word_1_140' title='bbox 665 2671 773 2716; x_wconf 91' lang='lat' dir='ltr'>am</span> <span class='ocrx_word' id='word_1_141' title='bbox 802 2649 963 2714; x_wconf 91' lang='lat' dir='ltr'>mihi</span> <span class='ocrx_word' id='word_1_142' title='bbox 993 2667 1113 2732; x_wconf 89' lang='lat' dir='ltr'>pro</span> <span class='ocrx_word' id='word_1_143' title='bbox 1146 2646 1371 2710; x_wconf 87' lang='lat' dir='ltr'>Druso</span> <span class='ocrx_word' id='word_1_144' title='bbox 1402 2646 1582 2711; x_wconf 87' lang='lat' dir='ltr'>dona</span> <span class='ocrx_word' id='word_1_145' title='bbox 1609 2638 1880 2707; x_wconf 85' lang='lat' dir='ltr'>ferenda</span> <span class='ocrx_word' id='word_1_146' title='bbox 1905 2656 2083 2701; x_wconf 86' lang='lat' dir='ltr'>meo.</span> 
     </span>
     <span class='ocr_line' id='line_1_24' title="bbox 533 2737 2195 2835; baseline -0.012 -15"><span class='ocrx_word' id='word_1_147' title='bbox 533 2754 757 2819; x_wconf 84' lang='lat' dir='ltr'>Obvia</span> <span class='ocrx_word' id='word_1_148' title='bbox 784 2748 1188 2835; x_wconf 86' lang='lat' dir='ltr'>progrediar,</span> <span class='ocrx_word' id='word_1_149' title='bbox 1215 2745 1510 2828; x_wconf 85' lang='lat' dir='ltr'>felixque</span> <span class='ocrx_word' id='word_1_150' title='bbox 1539 2765 1658 2827; x_wconf 88' lang='lat' dir='ltr'>per</span> <span class='ocrx_word' id='word_1_151' title='bbox 1688 2739 1948 2825; x_wconf 83' lang='lat' dir='ltr'>oppida</span> <span class='ocrx_word' id='word_1_152' title='bbox 1969 2737 2195 2817; x_wconf 75' lang='lat' dir='ltr'>dicar:</span> 
     </span>
     <span class='ocr_line' id='line_1_25' title="bbox 621 2825 2144 2935; baseline -0.012 -17"><span class='ocrx_word' id='word_1_153' title='bbox 621 2853 947 2935; x_wconf 84' lang='lat' dir='ltr'>Collaque</span> <span class='ocrx_word' id='word_1_154' title='bbox 978 2853 1047 2912; x_wconf 92' lang='lat' dir='ltr'>et</span> <span class='ocrx_word' id='word_1_155' title='bbox 1069 2847 1197 2911; x_wconf 88' lang='lat' dir='ltr'>hoc</span> <span class='ocrx_word' id='word_1_156' title='bbox 1226 2847 1460 2910; x_wconf 90' lang='lat' dir='ltr'>oculos</span> <span class='ocrx_word' id='word_1_157' title='bbox 1488 2845 1668 2909; x_wconf 90' lang='lat' dir='ltr'>illius</span> <span class='ocrx_word' id='word_1_158' title='bbox 1694 2862 1806 2908; x_wconf 89' lang='lat' dir='ltr'>ore</span> <span class='ocrx_word' id='word_1_159' title='bbox 1829 2825 2144 2926; x_wconf 85' lang='lat' dir='ltr'>premam.</span> 
     </span>
     <span class='ocr_line' id='line_1_26' title="bbox 534 2937 2744 3027; baseline -0.009 -6"><span class='ocrx_word' id='word_1_160' title='bbox 534 2955 724 3021; x_wconf 90' lang='lat' dir='ltr'>Talis</span> <span class='ocrx_word' id='word_1_161' title='bbox 750 2952 910 3016; x_wconf 90' lang='lat' dir='ltr'>erit:</span> <span class='ocrx_word' id='word_1_162' title='bbox 957 2951 1059 3016; x_wconf 88' lang='lat' dir='ltr'>sic</span> <span class='ocrx_word' id='word_1_163' title='bbox 1090 2954 1423 3014; x_wconf 86' lang='lat' dir='ltr'>occurret:</span> <span class='ocrx_word' id='word_1_164' title='bbox 1469 2949 1569 3012; x_wconf 88' lang='lat' dir='ltr'>sic</span> <span class='ocrx_word' id='word_1_165' title='bbox 1596 2946 1831 3011; x_wconf 88' lang='lat' dir='ltr'>oscula</span> <span class='ocrx_word' id='word_1_166' title='bbox 1846 2944 2075 3027; x_wconf 88' lang='lat' dir='ltr'>junget</span> <span class='ocrx_word' id='word_1_167' title='bbox 2091 2961 2128 3004; x_wconf 93' lang='lat'>:-</span> <span class='ocrx_word' id='word_1_168' title='bbox 2655 2937 2744 3003; x_wconf 74' lang='lat'>35</span> 
     </span>
     <span class='ocr_line' id='line_1_27' title="bbox 626 3044 2155 3132; baseline -0.01 -12"><span class='ocrx_word' id='word_1_169' title='bbox 626 3055 787 3120; x_wconf 89' lang='lat' dir='ltr'>Hoc</span> <span class='ocrx_word' id='word_1_170' title='bbox 816 3053 975 3118; x_wconf 86' lang='lat' dir='ltr'>mihi</span> <span class='ocrx_word' id='word_1_171' title='bbox 1003 3050 1336 3116; x_wconf 83' lang='lat' dir='ltr'>narrabit:</span> <span class='ocrx_word' id='word_1_172' title='bbox 1381 3049 1483 3113; x_wconf 90' lang='lat' dir='ltr'>sic</span> <span class='ocrx_word' id='word_1_173' title='bbox 1514 3048 1696 3132; x_wconf 88' lang='lat' dir='ltr'>prior</span> <span class='ocrx_word' id='word_1_174' title='bbox 1718 3050 1873 3130; x_wconf 91' lang='lat' dir='ltr'>ipsa</span> <span class='ocrx_word' id='word_1_175' title='bbox 1898 3044 2155 3128; x_wconf 90' lang='lat' dir='ltr'>loquar.</span> 
     </span>
     <span class='ocr_line' id='line_1_28' title="bbox 539 3141 2424 3234; baseline -0.01 -10"><span class='ocrx_word' id='word_1_176' title='bbox 539 3157 812 3226; x_wconf 85' lang='lat' dir='ltr'>Gaudia</span> <span class='ocrx_word' id='word_1_177' title='bbox 838 3172 1015 3221; x_wconf 82' lang='lat' dir='ltr'>vana</span> <span class='ocrx_word' id='word_1_178' title='bbox 1040 3152 1269 3216; x_wconf 86' lang='lat' dir='ltr'>foves:</span> <span class='ocrx_word' id='word_1_179' title='bbox 1314 3170 1503 3234; x_wconf 86' lang='lat' dir='ltr'>spem</span> <span class='ocrx_word' id='word_1_180' title='bbox 1525 3169 1722 3234; x_wconf 89' lang='lat' dir='ltr'>pone,</span> <span class='ocrx_word' id='word_1_181' title='bbox 1750 3147 2135 3222; x_wconf 88' lang='lat' dir='ltr'>miserrima,</span> <span class='ocrx_word' id='word_1_182' title='bbox 2163 3141 2424 3208; x_wconf 87' lang='lat' dir='ltr'>falsam.</span> 
     </span>
     <span class='ocr_line' id='line_1_29' title="bbox 630 3250 1865 3326; baseline -0.011 0"><span class='ocrx_word' id='word_1_183' title='bbox 630 3258 885 3326; x_wconf 88' lang='lat' dir='ltr'>Desine</span> <span class='ocrx_word' id='word_1_184' title='bbox 913 3255 997 3319; x_wconf 93' lang='lat' dir='ltr'>de</span> <span class='ocrx_word' id='word_1_185' title='bbox 1023 3254 1253 3318; x_wconf 88' lang='lat' dir='ltr'>Druso</span> <span class='ocrx_word' id='word_1_186' title='bbox 1283 3253 1442 3316; x_wconf 74' lang='lat' dir='ltr'>laeta</span> <span class='ocrx_word' id='word_1_187' title='bbox 1468 3250 1705 3314; x_wconf 84' lang='lat' dir='ltr'>referre</span> <span class='ocrx_word' id='word_1_188' title='bbox 1726 3256 1865 3314; x_wconf 81' lang='lat' dir='ltr'>tuo,</span> 
     </span>
     <span class='ocr_line' id='line_1_30' title="bbox 545 3345 2390 3436; baseline -0.011 -9"><span class='ocrx_word' id='word_1_189' title='bbox 545 3359 839 3427; x_wconf 73' lang='lat' dir='ltr'>Caesaris</span> <span class='ocrx_word' id='word_1_190' title='bbox 868 3354 1030 3421; x_wconf 91' lang='lat' dir='ltr'>illud</span> <span class='ocrx_word' id='word_1_191' title='bbox 1059 3374 1255 3436; x_wconf 89' lang='lat' dir='ltr'>opus,</span> <span class='ocrx_word' id='word_1_192' title='bbox 1286 3352 1428 3416; x_wconf 83' lang='lat' dir='ltr'>voti</span> <span class='ocrx_word' id='word_1_193' title='bbox 1457 3369 1617 3434; x_wconf 86' lang='lat' dir='ltr'>pars</span> <span class='ocrx_word' id='word_1_194' title='bbox 1644 3349 1854 3413; x_wconf 89' lang='lat' dir='ltr'>altera</span> <span class='ocrx_word' id='word_1_195' title='bbox 1879 3345 2106 3424; x_wconf 82' lang='lat' dir='ltr'>vestri,</span> <span class='ocrx_word' id='word_1_196' title='bbox 2385 3419 2390 3424; x_wconf 22' lang='lat'>⁸</span> 
     </span>
     <span class='ocr_line' id='line_1_31' title="bbox 635 3441 2749 3538; baseline -0.008 -13"><span class='ocrx_word' id='word_1_197' title='bbox 635 3458 931 3525; x_wconf 88' lang='lat' dir='ltr'>Occidit.</span> <span class='ocrx_word' id='word_1_198' title='bbox 1017 3454 1360 3538; x_wconf 79' lang='lat' dir='ltr'>IndignaS,</span> <span class='ocrx_word' id='word_1_199' title='bbox 1393 3451 1612 3529; x_wconf 84' lang='lat' dir='ltr'>Livia,</span> <span class='ocrx_word' id='word_1_200' title='bbox 1638 3451 1821 3515; x_wconf 85' lang='lat' dir='ltr'>solve</span> <span class='ocrx_word' id='word_1_201' title='bbox 1851 3467 2100 3513; x_wconf 86' lang='lat' dir='ltr'>comas.</span> <span class='ocrx_word' id='word_1_202' title='bbox 2662 3441 2749 3508; x_wconf 74' lang='lat'>4⁰</span> 
     </span>
     <span class='ocr_line' id='line_1_32' title="bbox 551 3545 2310 3650; baseline -0.009 -25"><span class='ocrx_word' id='word_1_203' title='bbox 551 3558 735 3639; x_wconf 85' lang='lat' dir='ltr'>Quid</span> <span class='ocrx_word' id='word_1_204' title='bbox 762 3559 886 3624; x_wconf 90' lang='lat' dir='ltr'>tibi</span> <span class='ocrx_word' id='word_1_205' title='bbox 906 3577 1094 3650; x_wconf 38' lang='lat' dir='ltr'>‘nunc</span> <span class='ocrx_word' id='word_1_206' title='bbox 1120 3575 1333 3620; x_wconf 88' lang='lat' dir='ltr'>mores</span> <span class='ocrx_word' id='word_1_207' title='bbox 1361 3559 1658 3637; x_wconf 87' lang='lat' dir='ltr'>prosunt,</span> <span class='ocrx_word' id='word_1_208' title='bbox 1690 3556 2043 3630; x_wconf 89' lang='lat' dir='ltr'>actumque</span> <span class='ocrx_word' id='word_1_209' title='bbox 2071 3545 2310 3630; x_wconf 87' lang='lat' dir='ltr'>pudice</span> 
     </span>
     <span class='ocr_line' id='line_1_33' title="bbox 637 3649 2189 3736; baseline -0.006 -13"><span class='ocrx_word' id='word_1_210' title='bbox 637 3658 853 3722; x_wconf 89' lang='lat' dir='ltr'>Omne</span> <span class='ocrx_word' id='word_1_211' title='bbox 879 3677 1122 3734; x_wconf 83' lang='lat' dir='ltr'>aevum,</span> <span class='ocrx_word' id='word_1_212' title='bbox 1153 3664 1219 3721; x_wconf 91' lang='lat' dir='ltr'>et</span> <span class='ocrx_word' id='word_1_213' title='bbox 1247 3662 1430 3721; x_wconf 87' lang='lat' dir='ltr'>tanto</span> <span class='ocrx_word' id='word_1_214' title='bbox 1460 3665 1597 3718; x_wconf 83' lang='lat' dir='ltr'>tam</span> <span class='ocrx_word' id='word_1_215' title='bbox 1627 3653 1970 3736; x_wconf 84' lang='lat' dir='ltr'>placuisse</span> <span class='ocrx_word' id='word_1_216' title='bbox 2001 3649 2189 3714; x_wconf 66' lang='lat' dir='ltr'>viro?</span> 
     </span>
    </p>
   </div>
   <div class='ocr_carea' id='block_1_3' title="bbox 1536 3828 1828 3849">
    <p class='ocr_par' dir='ltr' id='par_1_3' title="bbox 1536 3828 1828 3849">
     <span class='ocr_line' id='line_1_34' title="bbox 1536 3828 1828 3849; baseline -0.007 0"><span class='ocrx_word' id='word_1_217' title='bbox 1536 3830 1561 3849; x_wconf 66' lang='grc' dir='ltr'><em>θ</em></span> <span class='ocrx_word' id='word_1_218' title='bbox 1567 3828 1828 3848; x_wconf 59' lang='lat' dir='ltr'>OOWOOO</span> 
     </span>
    </p>
   </div>
   <div class='ocr_carea' id='block_1_4' title="bbox 546 3936 2762 4268">
    <p class='ocr_par' dir='ltr' id='par_1_4' title="bbox 546 3936 2762 4268">
     <span class='ocr_line' id='line_1_35' title="bbox 554 3936 2756 4007; baseline -0.006 -9"><span class='ocrx_word' id='word_1_219' title='bbox 554 3952 858 3999; x_wconf 60' lang='lat' dir='ltr'>enorum—6</span> <span class='ocrx_word' id='word_1_220' title='bbox 901 3946 1145 3996; x_wconf 75' lang='lat' dir='ltr'>Francius</span> <span class='ocrx_word' id='word_1_221' title='bbox 1180 3944 1389 4006; x_wconf 80' lang='lat' dir='ltr'>volebat</span> <span class='ocrx_word' id='word_1_222' title='bbox 1426 3943 1614 4007; x_wconf 68' lang='lat' dir='ltr'>queris,</span> <span class='ocrx_word' id='word_1_223' title='bbox 1658 3943 1924 3992; x_wconf 57' lang='grc' dir='ltr'>[Τέω-18</span> <span class='ocrx_word' id='word_1_224' title='bbox 1963 3939 2111 3989; x_wconf 84' lang='lat' dir='ltr'>Med.</span> <span class='ocrx_word' id='word_1_225' title='bbox 2150 3936 2448 3989; x_wconf 69' lang='lat' dir='ltr'>memorabile</span> <span class='ocrx_word' id='word_1_226' title='bbox 2487 3949 2756 3986; x_wconf 65' lang='lat' dir='ltr'>nor-.—</span> 
     </span>
     <span class='ocr_line' id='line_1_36' title="bbox 555 3999 2756 4068; baseline -0.007 -5"><span class='ocrx_word' id='word_1_227' title='bbox 555 4018 621 4064; x_wconf 73' lang='lat'>24</span> <span class='ocrx_word' id='word_1_228' title='bbox 658 4012 759 4062; x_wconf 85' lang='lat' dir='ltr'>Alii</span> <span class='ocrx_word' id='word_1_229' title='bbox 781 4012 871 4060; x_wconf 76' lang='lat' dir='ltr'>coli</span> <span class='ocrx_word' id='word_1_230' title='bbox 891 4016 988 4059; x_wconf 70' lang='lat' dir='ltr'>est.-</span> <span class='ocrx_word' id='word_1_231' title='bbox 1024 4009 1112 4058; x_wconf 83' lang='lat' dir='ltr'>sed</span> <span class='ocrx_word' id='word_1_232' title='bbox 1138 4015 1206 4058; x_wconf 70' lang='lat' dir='ltr'>est</span> <span class='ocrx_word' id='word_1_233' title='bbox 1242 4010 1389 4059; x_wconf 80' lang='lat' dir='ltr'>abest</span> <span class='ocrx_word' id='word_1_234' title='bbox 1413 4022 1443 4056; x_wconf 77' lang='lat' dir='ltr'>a</span> <span class='ocrx_word' id='word_1_235' title='bbox 1480 4015 1606 4057; x_wconf 81' lang='lat' dir='ltr'>vett.</span> <span class='ocrx_word' id='word_1_236' title='bbox 1643 4005 1912 4055; x_wconf 79' lang='lat' dir='ltr'>Edd.--29</span> <span class='ocrx_word' id='word_1_237' title='bbox 1944 4005 2101 4066; x_wconf 76' lang='lat' dir='ltr'>Vulg.</span> <span class='ocrx_word' id='word_1_238' title='bbox 2132 4008 2465 4068; x_wconf 70' lang='lat' dir='ltr'>pereepraqu:</span> <span class='ocrx_word' id='word_1_239' title='bbox 2503 3999 2756 4050; x_wconf 69' lang='lat' dir='ltr'>Francius</span> 
     </span>
     <span class='ocr_line' id='line_1_37' title="bbox 551 4063 2756 4152; baseline -0.007 -25"><span class='ocrx_word' id='word_1_240' title='bbox 551 4082 901 4152; x_wconf 53' lang='lat' dir='ltr'>pneumaque</span> <span class='ocrx_word' id='word_1_241' title='bbox 936 4072 1390 4148; x_wconf 59' lang='lat' dir='ltr'>praeferebat—84</span> <span class='ocrx_word' id='word_1_242' title='bbox 1423 4072 1580 4134; x_wconf 81' lang='lat' dir='ltr'>Vulg.</span> <span class='ocrx_word' id='word_1_243' title='bbox 1602 4071 1821 4133; x_wconf 66' lang='lat' dir='ltr'>Collaque</span> <span class='ocrx_word' id='word_1_244' title='bbox 1849 4073 1896 4117; x_wconf 73' lang='lat' dir='ltr'>et</span> <span class='ocrx_word' id='word_1_245' title='bbox 1918 4083 1968 4117; x_wconf 70' lang='grc' dir='ltr'>οε</span> <span class='ocrx_word' id='word_1_246' title='bbox 1987 4069 2256 4130; x_wconf 65' lang='lat' dir='ltr'>cumque.-</span> <span class='ocrx_word' id='word_1_247' title='bbox 2287 4067 2408 4116; x_wconf 85' lang='lat' dir='ltr'>libri</span> <span class='ocrx_word' id='word_1_248' title='bbox 2429 4063 2625 4127; x_wconf 64' lang='lat' dir='ltr'>scripti</span> <span class='ocrx_word' id='word_1_249' title='bbox 2639 4075 2756 4112; x_wconf 71' lang='lat' dir='ltr'>eum</span> 
     </span>
     <span class='ocr_line' id='line_1_38' title="bbox 546 4128 2762 4210; baseline -0.004 -21"><span class='ocrx_word' id='word_1_250' title='bbox 546 4141 746 4203; x_wconf 71' lang='lat' dir='ltr'>prucis</span> <span class='ocrx_word' id='word_1_251' title='bbox 775 4139 895 4188; x_wconf 81' lang='lat' dir='ltr'>edd.</span> <span class='ocrx_word' id='word_1_252' title='bbox 932 4147 1119 4202; x_wconf 77' lang='lat' dir='ltr'>parum</span> <span class='ocrx_word' id='word_1_253' title='bbox 1154 4151 1291 4210; x_wconf 65' lang='lat' dir='ltr'>quque</span> <span class='ocrx_word' id='word_1_254' title='bbox 1319 4137 1575 4199; x_wconf 65' lang='lat' dir='ltr'>oculoque,</span> <span class='ocrx_word' id='word_1_255' title='bbox 1611 4136 1798 4198; x_wconf 76' lang='lat' dir='ltr'>partim</span> <span class='ocrx_word' id='word_1_256' title='bbox 1820 4147 1872 4181; x_wconf 74' lang='lat' dir='ltr'>ou</span> <span class='ocrx_word' id='word_1_257' title='bbox 1898 4133 2083 4189; x_wconf 68' lang='lat' dir='ltr'>oculos,-</span> <span class='ocrx_word' id='word_1_258' title='bbox 2114 4131 2254 4180; x_wconf 72' lang='lat' dir='ltr'>unde·</span> <span class='ocrx_word' id='word_1_259' title='bbox 2273 4130 2462 4180; x_wconf 75' lang='lat' dir='ltr'>Heius.</span> <span class='ocrx_word' id='word_1_260' title='bbox 2481 4128 2762 4188; x_wconf 51' lang='lat' dir='ltr'>fine-m</span> 
     </span>
     <span class='ocr_line' id='line_1_39' title="bbox 560 4183 2760 4268; baseline -0.005 -16"><span class='ocrx_word' id='word_1_261' title='bbox 560 4204 645 4252; x_wconf 77' lang='lat' dir='ltr'>vel</span> <span class='ocrx_word' id='word_1_262' title='bbox 665 4203 749 4254; x_wconf 74' lang='lat' dir='ltr'>luc</span> <span class='ocrx_word' id='word_1_263' title='bbox 768 4204 1061 4254; x_wconf 56' lang='lat' dir='ltr'>oculum—3⁷</span> <span class='ocrx_word' id='word_1_264' title='bbox 1096 4199 1204 4252; x_wconf 74' lang='lat' dir='ltr'>Ani</span> <span class='ocrx_word' id='word_1_265' title='bbox 1232 4200 1411 4264; x_wconf 69' lang='lat' dir='ltr'>gaudia</span> <span class='ocrx_word' id='word_1_266' title='bbox 1431 4202 1749 4265; x_wconf 57' lang='lat' dir='ltr'>magna-39</span> <span class='ocrx_word' id='word_1_267' title='bbox 1781 4196 2003 4268; x_wconf 74' lang='lat' dir='ltr'>Plurimi</span> <span class='ocrx_word' id='word_1_268' title='bbox 2022 4196 2169 4264; x_wconf 60' lang='lat' dir='ltr'>veluti</span> <span class='ocrx_word' id='word_1_269' title='bbox 2198 4210 2317 4260; x_wconf 71' lang='lat' dir='ltr'>puro</span> <span class='ocrx_word' id='word_1_270' title='bbox 2350 4195 2538 4245; x_wconf 70' lang='lat' dir='ltr'>num.-</span> <span class='ocrx_word' id='word_1_271' title='bbox 2570 4183 2760 4246; x_wconf 62' lang='lat' dir='ltr'>nai-u.</span> 
     </span>
    </p>
   </div>
  </div>
 </body>
</html>
