2925 4706
475 324 606 390 864

844 500 1043 557 unm
1076 499 1183 554 111.

478 619 736 673 Draconis
754 617 939 668 dentes
964 618 1015 666 in
1038 617 1175 665 viros
1197 617 1434 665 armatos.

480 695 707 746 Cadmus
728 692 947 742 Boeotiae
971 690 1228 742 conditor.

481 771 704 822 Actaeon
721 771 772 818 iu
796 782 1027 818 cervum.

482 846 722 898 Bacchus
741 860 807 895 ex
827 844 1031 894 Semele
1054 841 1235 893 Cadmi
1254 840 1380 891 filia.

480 917 517 974 J
521 937 624 973 nno
642 921 694 971 iu
718 936 890 971 anum.

484 998 681 1049 Bacchi
703 995 963 1048 educatio.

479 1075 706 1126 Tiresias
728 1074 781 1123 in
802 1072 1083 1123 foeminam.

482 1151 708 1201 ‘l'iresias
729 1149 782 1202 in
805 1164 1015 1200 marem.

487 1228 764 1278 Narcissus
787 1226 840 1275 in
856 1224 1056 1275 florem.

488 1305 634 1354 Echo
654 1303 708 1353 in
731 1317 933 1353 vocem.

486 1378 750 1442 Tyrrheni
770 1385 946 1427 nautae
968 1375 1020 1423 iu
1043 1371 1333 1438 delphinos.

488 1455 725 1506 Bacchus
742 1454 795 1502 in
817 1466 1053 1516 puerum.

491 1530 718 1600 Penthei
739 1527 1041 1591 descriptio.

857 1650 1059 1703 LIBRI
1094 1650 1190 1700 lv,

489 1752 681 1805 Bacchi
704 1749 927 1802 nomina.

492 1829 742 1880 Dercetis
763 1826 1049 1891 Babylonia
1071 1826 1122 1874 in
1142 1824 1357 1888 piscem.

491 1905 789 1956 Semiramis
811 1903 863 1951 ln
885 1901 1187 1951 columbam.

493 1983 625 2035 Nais
649 1982 701 2031 in
724 1981 936 2046 piscem.

495 2059 650 2109 Mora
671 2071 737 2107 ex
760 2053 890 2105 albis
912 2054 1059 2118 nigra
1090 2025 1306 2116 Pyrami
1338 2058 1392 2101 et
1410 2048 1554 2102 This-

559 2134 649 2183 bes
671 2131 920 2196 sauguine
943 2128 1150 2179 effecta.

493 2210 715 2261 Veneris
727 2224 844 2258 cum
869 2208 1045 2257 Marte
1064 2205 1391 2255 adulterium.

494 2284 793 2338 Leucothoe
816 2284 869 2334 in
893 2283 1053 2333 thuris
1076 2282 1330 2332 arborem.

495 2364 668 2427 Clytie
691 2363 742 2410 in
759 2360 1125 2431 heliotropium
1141 2357 1372 2407 herbam.

495 2439 736 2505 Daphnis
752 2438 928 2487 Idaeus
951 2437 1003 2486 in
1024 2450 1220 2486 saxum.

495 2515 723 2578 Scythen
745 2514 797 2562 in
822 2512 1103 2562 foeminam.

497 2590 705 2640 Celmus
728 2603 857 2653 puer
878 2588 929 2637 in
949 2586 1298 2636 adamantem.

499 2666 694 2715 Crocus
715 2679 832 2713 cum
853 2657 1073 2712 Smilace
1096 2661 1147 2710 in
1172 2659 1343 2710 flores.

495 2742 802 2793 Salmacidis
823 2740 983 2790 fontis
1001 2745 1205 2788 natura.

496 2815 965 2880 Hermaphroditus
980 2806 1097 2864 cum
1110 2812 1403 2863 Salmacide
1419 2825 1562 2874 nym-

564 2892 666 2957 pha
688 2891 979 2954 copulatus.

498 2966 758 3023 Minoidos
777 2967 830 3016 in
854 2965 1263 3029 vespertiliones.

497 3043 596 3092 Ino
619 3034 946 3093 Athamantis
969 3056 1099 3090 uxor
1117 3039 1171 3088 in
1194 3041 1381 3089 Deam.

499 3120 615 3172 viae
639 3120 705 3169 ad
730 3117 934 3167 Inferos
958 3117 1260 3181 descriptio.

496 3197 637 3248 Juno
659 3194 723 3244 ad
748 3193 968 3245 Inferos.

501 3271 782 3322 Melicerta
804 3272 855 3320 in
879 3271 1051 3337 Deum
1075 3262 1346 3318 marinum.

501 3349 731 3402 Comites
749 3348 873 3397 Inus
897 3346 946 3394 in
969 3359 1092 3394 saxa
1116 3350 1172 3393 et
1195 3358 1335 3392 aves.

500 3418 722 3480 Cadmus
744 3442 859 3476 cnm
878 3439 1039 3474 uxore
1061 3423 1114 3471 in
1135 3435 1385 3486 anguem.
1426 3411 1442 3427 “

499 3505 708 3567 Jupiter
731 3504 784 3552 in
808 3517 1004 3552 aurum.

501 3579 685 3629 Persei
709 3585 870 3642 gesta.

502 3654 685 3705 Gutta
730 3652 992 3717 sanguinis
1025 3651 1261 3702 Medusae
1298 3650 1488 3715 capitis
1510 3651 1561 3700 iu

566 3737 852 3795 serpentes.

500 3805 653 3856 Atlas
673 3800 726 3855 in
750 3811 993 3873 montem.

500 3880 833 3930 Andromeda
856 3886 975 3929 ceto
997 3877 1250 3943 exposita.

500 3956 743 4020 virgulta
763 3958 814 4005 in
837 3957 1047 4005 coralia.

500 4028 849 4081 Andromedae
867 4032 1152 4094 Perseique
1174 4021 1385 4094 nuptie.

501 4100 734 4168 Pegasus
751 4116 912 4170 equus
933 4102 1100 4155 alatus
1123 4118 1153 4154 e
1174 4105 1424 4168 sanguine
1448 4097 1563 4156 Me·

569 4178 730 4229 dusae.

504 4252 743 4305 nedum
765 4253 941 4318 capilli
961 4253 1013 4304 in
1035 4260 1325 4319 serpentes.

1447 337 1717 388 mmm.

1995 500 2117 552 Lm
2125 496 2198 554 m
2231 500 2300 550 V.

1619 613 1893 680 Cephenes
1930 615 2184 666 Perseum
2225 616 2589 680 oppugnantes
2628 613 2679 661 in

1684 706 1828 740 saxa.

1620 767 1921 830 Cephenum
1945 767 2193 816 tumultus
2216 764 2520 830 descriptio.

1537 831 1547 840 ’
1620 842 1849 892 Phineus
1872 842 2069 905 Cephei
2093 841 2258 891 frater
2282 841 2335 891 iu
2355 847 2603 891 statuam.

1621 921 1832 971 Proetus
1857 920 1909 968 in
1931 920 2179 984 lapidem.
2201 943 2212 948 ·

1622 996 1943 1059 Polydectes
1965 996 2016 1044 in
2041 1003 2241 1045 saxum.

1626 1071 1991 1135 Hippocrenes
2013 1070 2173 1120 fontis
2196 1068 2497 1135 descriptio.

1625 1147 1854 1211 Pyrenei
1877 1147 2222 1211 sacrilegium.

1624 1224 1792 1273 Musae
1812 1223 1866 1273 in
1888 1238 2028 1274 aves.

1625 1300 1867 1350 Pierides
1882 1300 1934 1349 in
1959 1301 2123 1364 picas.

1627 1377 2067 1440 Gigantomachioe
2090 1374 2389 1442 descriptio.

1625 1450 1837 1515 Jupiter
1861 1453 1913 1501 iu
1939 1452 2192 1522 arietem,

1630 1525 1819 1591 Apollo
1845 1527 1902 1576 in
1919 1541 2145 1578 corvum.

1627 1604 1868 1654 Bacchus
1890 1603 1944 1651 in
1967 1618 2196 1668 caprum.

1628 1679 1801 1729 Diana
1817 1679 1867 1728 in
1890 1678 2063 1729 selem.

1628 1745 1768 1804 Juno
1793 1745 2095 1805 iu'vaceam.

1629 1831 1809 1878 Venus
1831 1831 1882 1879 in
1906 1831 2115 1895 piscem.

1631 1905 1924 1955 Mercurius
1949 1907 2002 1955 in
2020 1907 2163 1958 ibim.

1633 1980 1842 2030 Cereris
1853 1982 2062 2033 laudes.

1632 2057 1962 2122 Proserpinae
1982 2065 2177 2124 raptus.

1632 2133 1794 2197 Pergi
1817 2136 1957 2184 lacus
1979 2135 2282 2200 descriptio.

1634 2209 1810 2272 Cyane
1833 2211 2056 2274 nympha
2075 2211 2128 2261 in
2150 2220 2402 2276 stagnum.

1633 2284 1775 2333 Puer
1793 2288 2091 2335 temerarius
2111 2287 2159 2335 in
2183 2289 2491 2338 stellionem.

1531 2388 1532 2391 =
1633 2357 1895 2410 Arethusa
1911 2362 2134 2425 nympha
2157 2362 2209 2411 in
2235 2361 2455 2413 fontem.

1634 2433 1952 2498 Ascalaphus
1975 2436 2027 2484 in
2052 2437 2326 2488 bubonem.

1634 2510 1839 2559 Sirenes
1862 2511 1914 2559 in
1938 2526 2076 2562 aves.

1633 2586 1838 2649 Lyncus
1861 2602 1953 2636 rex
1977 2582 2277 2653 Sc'ytharum
2302 2593 2355 2642 in
2377 2591 2600 2656 lyncem.

2000 2757 2203 2839 LIBRI
2239 2760 2333 2810 vl.

1638 2881 1879 2934 Arachne
1902 2877 1955 2934 in
1978 2891 2238 2936 araneam.

1637 2960 1907 3009 Arachnes
1928 2976 2043 3010 cum
2071 2950 2285 3011 Pallade
2309 2967 2597 3014 certamen.

1635 3037 1813 3085 Pallas
1835 3040 1887 3086 in
1912 3038 2155 3087 vetulam.

1635 3113 1880 3162 Telarum
1932 3114 2163 3185 Palladis
2201 3062 2576 3181 Anchisesque
2614 3114 2703 3165 de·

1704 3190 1937 3253 scriptio.

1638 3265 1850 3315 Haemus
1867 3271 1923 3314 et
1947 3265 2236 3328 Rhodope·
2223 3280 2277 3315 tn
2294 3273 2518 3317 montes.

1637 3340 1884 3405 Pygmaea
1907 3341 1957 3389 in
1980 3356 2175 3404 gruem.

1638 3415 1898 3481 Antigone
1917 3418 1969 3466 in
1992 3417 2259 3467 ciconiam.

1639 3495 1856 3560 Cynarae
1880 3495 2001 3561 filiae
2020 3496 2072 3544 in
2096 3510 2239 3547 saxa·

1637 3571 1850 3634 Jupiter
1867 3571 1919 3619 in
1943 3575 2169 3619 taurum.

1637 3646 1847 3710 Jupiter
1863 3648 1914 3695 in
1942 3647 2184 3710 aquilam.

1636 3722 1845 3786 Jupiter
1867 3723 1917 3770 in
1937 3735 2184 3791 cycnum.

1636 3797 1847 3861 Jupiter
1869 3797 1921 3845 in
1947 3805 2195 3860 satyrum.

1634 3872 1882 3937 Jupiter
1867 3887 1922 3922 ιιι
1947 3871 2391 3936 Amphitryoncm.

1635 3949 1850 4013 Jupiter
1873 3950 1924 3999 in
1945 3964 2146 3998 aurum

1634 4015 1880 4088 Jupiter
1867 4040 1918 4073 ιιι
1941 4011 2134 4087 ignem.

1634 4100 1846 4164 Jupiter
1871 4100 1924 4148 iu
1949 4104 2227 4163 pastorem.

1634 4176 1877 4241 Jupiter
1862 4190 1917 4225 ιιι
1937 4181 2254 4240 serpentem.

1636 4253 1914 4319 Neptunus
1935 4252 1987 4303 iu
2000 4251 2303 4316 juvencum.
