2925 4706
539 388 1252 463 nunno-nenosssou
1300 389 1564 440 semus
1611 389 2167 441 coueaNmosA.
2344 377 2477 442 869

276 528 497 594 Pythios
529 518 677 580 ludos
715 530 770 579 in
813 530 889 580 rei
929 530 1226 582 memoriam
1264 530 1510 594 instituit,
1548 530 1732 597 quibus
1764 531 1990 582 victores
2024 530 2245 582 esculea
2282 545 2473 583 corona

271 610 632 660 donabantur:
668 612 892 662 noudum
932 613 1069 662 enim
1108 613 1360 663 extiterat
1400 614 1593 676 laurus,
1628 613 1796 664 donec
1831 612 1886 662 in
1919 627 2033 662 eam
2057 612 2273 677 Daphne
2294 613 2484 676 puella⁵

273 690 377 740 fuit
396 705 662 742 conversa.
728 693 882 746 Quod
920 708 1038 744 cum
1069 694 1366 757 accidisset,
1389 701 1498 744 tum
1531 693 1595 745 ad
1616 701 1819 759 patrem
1853 693 1961 757 ejus
2006 693 2235 743 Peneum
2259 693 2477 759 reliquis,

273 768 461 833 fluviis,
496 773 603 820 sive
644 774 1038 837 congratulandi
1075 775 1184 825 sive
1221 776 1380 824 etiam
1414 775 1711 825 consolandi
1749 775 1914 838 gratia
1953 775 2296 837 congregatis,
2330 775 2470 825 solus

274 850 597 902 desideratus
619 862 702 902 est
726 853 963 916 Inachus,
983 854 1122 920 quod
1145 855 1210 905 de
1230 854 1337 905 filia
1359 855 1488 905 liine
1512 854 1743 906 solicitus
1769 864 1920 918 esset,
1940 870 2090 920 qnam
2113 855 2328 919 Jupiter
2350 860 2471 919 post

276 938 509 994 stuprum
548 933 599 981 iu
635 932 913 996 juvencam
949 941 1308 985 commutarat.
1375 937 1451 985 Ea
1493 950 1610 986 cnm
1643 936 1708 986 ab
1747 936 1890 1001 Argo
1925 927 2295 999 custodiretur,
2333 935 2472 987 hunc

276 1013 591 1075 Mercurius,
627 1011 853 1065 narrata·
869 1016 1012 1080 prius
1036 1017 1275 1081 nymphas
1312 1018 1548 1083 Syringis
1579 1018 1633 1067 in
1672 1018 1973 1068 arundinem
1999 1017 2471 1081 transformatione,

273 1093 500 1158 occidit:
537 1094 686 1158 cujus
709 1096 843 1146 oculi
864 1096 1052 1147 deinde
1072 1112 1101 1147 a
1130 1097 1334 1148 Junone
1360 1099 1412 1148 in
1447 1112 1699 1163 pavonem
1733 1098 1912 1148 collati
1948 1098 2175 1148 fuerunt.
2238 1099 2366 1149 Turn
2391 1099 2473 1161 16,

274 1176 496 1239 pristina
519 1177 744 1226 mulieris
767 1175 934 1229 forma
958 1186 1194 1244 recepta,
1215 1180 1488 1244 Epaphum
1513 1181 1664 1244 parit.

286 1299 295 1302 -
340 1257 457 1306 Lm.
479 1270 544 1306 11.
592 1258 693 1308 Qui
718 1273 832 1308 cum
858 1259 1137 1324 aliquando
1178 1259 1495 1309 Phaethonti
1527 1259 1839 1324 Apollinem,
1862 1266 1919 1309 nt
1943 1258 2127 1309 falsum
2150 1274 2213 1309 ac
2234 1259 2471 1324 supposi-

272 1336 448 1387 titium
471 1344 691 1402 patrem,
710 1339 1009 1403 objecisset,
1033 1340 1121 1389 ille
1142 1354 1321 1390 currus
1338 1340 1534 1389 Solaris
1553 1341 1820 1404 imperium
1846 1339 1910 1389 ad
1930 1340 2065 1391 diem
2089 1355 2242 1389 unum
2262 1355 2293 1389 a
2317 1346 2470 1404 patre

270 1416 324 1466 in
349 1418 534 1481 pignus
558 1433 694 1469 verae
718 1420 895 1485 stirpis
921 1421 1088 1485 petiit.
1154 1422 1271 1474 Quo
1292 1422 1590 1486 impetrato,
1612 1429 1750 1471 terra
1775 1421 1841 1471 ab
1861 1435 1923 1470 eo
1947 1427 2059 1470 tota
2082 1421 2401 1483 accenditur,
2413 1426 2470 1470 et

270 1496 410 1547 inter
428 1506 604 1549 cetera
626 1500 928 1563 nigrescunt
964 1501 1249 1565 AEtbiopes.
1313 1501 1698 1552 Phaethontem
1721 1501 1909 1551 deinde
1931 1500 2145 1550 fulmine
2169 1515 2469 1564 percussum

271 1576 390 1634 dum
421 1579 597 1642 lugent
621 1595 842 1642 sorores,
865 1587 920 1631 et
951 1596 1052 1630 una
1075 1583 1582 1645 cognatus-Cycnus3
1620 1582 1721 1631 inae
1743 1582 1792 1631 in
1817 1581 2042 1642 arbores,
2063 1580 2147 1629 hic
2172 1581 2223 1630 in
2247 1596 2469 1645 cycnum

268 1666 515 1709 mutatur.
580 1662 709 1711 Tum
730 1662 946 1726 Jupiter
977 1664 1199 1712 lustrato
1224 1670 1478 1712 terrarum
1512 1663 1655 1724 orbe,
1684 1677 1746 1713 ac
1772 1662 1993 1727 pristino
2017 1661 2181 1726 vigori
2203 1662 2470 1726 restituto,

266 1739 319 1788 iu
343 1739 677 1790 Callistonem
715 1743 916 1800 incidit,
940 1757 1155 1807 eamque
1186 1749 1356 1791 sumta
1398 1742 1582 1792 Dianae
1613 1741 1778 1792 forma
1799 1742 2073 1806 stupravit.
2139 1742 2226 1793 Ob
2249 1742 2301 1792 id
2332 1744 2470 1792 irata

266 1819 423 1881 Jnno‚
449 1820 782 1872 Callistonem
807 1823 860 1872 in
885 1838 1053 1872 ursam
1079 1825 1368 1874 convertit:
1403 1839 1556 1889 quam
1581 1831 1764 1888 postea
1784 1821 1950 1876 Arcas
1972 1821 2104 1872 filius
2131 1821 2468 1892 transfixurus

266 1896 458 1962 fuerat,
491 1901 589 1952 nisi
613 1909 887 1968 utrumque
924 1903 1136 1967 Jupiter
1172 1904 1310 1953 inter
1346 1903 1517 1953 sidera
1540 1903 1816 1953 retulisset.
1881 1903 2000 1955 Qua
2023 1902 2088 1951 de
2111 1916 2168 1952 re
2192 1917 2307 1952 cnm
2330 1901 2468 1967 apud

270 1979 534 2031 Oceanum
563 1983 706 2034 Juno
737 1993 1019 2048 conquesta
1053 1990 1211 2046 esset,
1235 1984 1286 2032 in
1310 1986 1495 2033 coelnm
1519 1985 1682 2034 relata
1705 1983 1804 2032 fnit
1828 1983 2051 2032 humeris
2073 1998 2347 2047 pavonum,
2377 1983 2467 2048 qui

267 2076 434 2126 nuper
455 2064 642 2113 variati
662 2064 893 2115 fuerant:
930 2066 1064 2115 sicut
1079 2072 1134 2115 et
1157 2080 1340 2134 corvus
1358 2080 1526 2130 nuper
1545 2080 1609 2114 ex
1630 2064 1748 2114 albo
1766 2065 1913 2127 niger
1935 2071 2052 2114 erat
2074 2063 2323 2128 redditus,
2345 2079 2466 2114 cnm

266 2143 485 2193 cornicis
503 2145 734 2206 monitis,
751 2161 867 2210 quie
886 2145 960 2195 illi
980 2151 1089 2194 tum
1112 2160 1252 2194 suam
1271 2146 1322 2194 in
1345 2146 1626 2205 cornicem,
1651 2151 1760 2193 tum
1794 2143 2126 2207 Nyctimenes
2149 2145 2200 2192 in
2224 2151 2467 2194 noctuam

266 2217 601 2274 mutation‘em
616 2226 921 2290 explicarat,
939 2239 1037 2275 non
1058 2226 1472 2289 obtemperasset
1490 2241 1503 2273 ε
1523 2239 1696 2273 verum
1715 2223 1963 2273 audacter
1980 2224 2249 2273 Coronidis
2267 2224 2469 2275 adulte·

266 2301 407 2363 rium,
417 2304 481 2353 ad
498 2303 784 2370 Apollinem
804 2305 1089 2357 detulisset.
1124 2304 1247 2369 Ejus
1269 2303 1456 2355 deinde
1474 2304 1598 2366 filio,
1611 2303 1923 2368 AEsculapio,
1941 2293 2062 2352 dum
2078 2302 2256 2353 futura
2279 2304 2466 2369 praedi·

264 2385 343 2447 cit
356 2384 588 2450 Ocyr055
611 2385 661 2436 in
677 2401 858 2452 equam
877 2388 951 2437 ira
969 2386 1144 2436 divina
1156 2387 1398 2436 vertitur.
1434 2387 1562 2436 Tum
1576 2385 1765 2436 Chiron
1784 2393 1934 2449 pater
1949 2383 2205 2447 Apollinis
2218 2385 2466 2435 auxilium

263 2462 458 2515 frustra
478 2466 766 2517 invocavit:
804 2468 941 2532 quod
963 2466 1049 2517 ille
1060 2467 1242 2531 jamin
1263 2467 1411 2517 Elide
1436 2473 1614 2531 pastor
1628 2464 1816 2528 factus,
1838 2464 1976 2514 aliud
1995 2472 2193 2529 ageret,
2211 2466 2466 2529 neglectis

262 2545 423 2597 etiam
458 2545 635 2596 bubus.
716 2546 780 2595 Id
820 2547 959 2612 quod
1005 2547 1267 2597 Mercurio
1307 2546 1515 2596 furandi
1554 2546 1878 2597 occasionem
1915 2546 2095 2596 dedit:
2132 2546 2221 2610 qui
2257 2545 2467 2609 deinde,

262 2625 433 2687 Batti,
453 2625 521 2691 (is
545 2633 658 2677 erat
678 2628 814 2677 solus
837 2627 963 2678 furti
995 2628 1276 2691 conscius,)
1310 2627 1534 2692 perfidia
1567 2642 1623 2701 se
1647 2627 2004 2677 commutando
2031 2626 2369 2691 deprehensa,
2390 2627 2468 2690 ip·

260 2723 375 2758 sum
398 2708 449 2777 in
473 2708 695 2764 indicem
727 2710 954 2773 lapidem
976 2711 1255 2760 convertit.
1323 2710 1454 2759 Inde
1480 2711 1533 2759 in
1554 2709 1786 2759 Atticam
1823 2709 2106 2772 ingressus,
2142 2708 2333 2772 Herse,
2365 2709 2466 2758 Ce-

261 2790 437 2853 cropis
469 2788 589 2852 filia,
625 2791 842 2853 potitur.
909 2793 1006 2842 Cui
1037 2791 1158 2841 dum
1190 2792 1392 2842 invidet
1415 2806 1562 2841 soror
1586 2790 1860 2855 Aglaurus,
1883 2790 1936 2839 in
1969 2804 2146 2840 saxum
2169 2789 2466 2853 obrigescit.

259 2869 460 2919 Postea
478 2869 702 2934 Jupiter,
719 2886 836 2921 cnm
855 2872 1020 2936 ipsum
1034 2872 1188 2923 boves
1207 2873 1465 2936 Agenoris
1480 2874 1544 2922 ad
1563 2873 1708 2923 littus
1727 2872 2002 2922 advertere
2015 2871 2274 2935 jussisset,
2293 2879 2465 2921 sumta

261 2952 402 3002 tauri
424 2952 618 3016 specie,
640 2954 899 3018 Europam
924 2969 1018 3019 per
1040 2969 1181 3004 mare
1204 2956 1257 3004 in
1280 2957 1490 3005 Cretam
1512 2955 1817 3005 transvexit.

328 3032 449 3080 Lm.
472 3045 560 3080 m.
599 3031 703 3082 Hic
726 3032 939 3097 Agenor
974 3033 1224 3083 Cadmum
1252 3033 1409 3097 jubet
1445 3033 1604 3084 filiam
1638 3034 1873 3084 amissam
1908 3033 2241 3096 investigare.
2308 3031 2463 3085 Quod

261 3080 387 3159 dum
411 3110 497 3159 ille
532 3109 675 3173 facit,
713 3127 743 3160 e
781 3111 1023 3162 dentibus
1063 3112 1302 3163 draconis
1341 3113 1497 3163 occisi
1533 3114 1659 3163 satis
1694 3122 2006 3163 enascuntur
2042 3114 2305 3163 homines.
2344 3127 2462 3163 cnm

257 3191 446 3261 quibus
467 3192 555 3241 ille
578 3192 766 3241 deinde
786 3193 986 3243 Thebas
1011 3194 1262 3245 condidit.
1331 3195 1467 3245 Huic
1494 3195 1714 3258 primum
1737 3194 1902 3242 valide
1925 3194 2163 3243 luctuosa
2180 3193 2282 3242 fuit
2303 3209 2461 3258 nepo·

256 3272 329 3322 tis
349 3271 613 3323 Actaeonis
634 3273 685 3323 in
707 3289 915 3325 cervum
939 3276 1125 3327 mutati
1142 3275 1445 3326 dilaceratio
1469 3292 1482 3325 ι
1517 3275 1749 3342 quamvis
1767 3275 1799 3326 J
1805 3273 1957 3323 unoni
1976 3279 2120 3337 grata
2141 3271 2323 3334 fuerit,
2344 3289 2461 3339 qnae

255 3352 501 3417 Semelen
525 3354 759 3417 pellicem
785 3354 984 3405 oderat.
1050 3354 1283 3420 Ideoque
1308 3355 1371 3405 ad
1396 3357 1559 3420 ipsam
1580 3355 1718 3405 facie
1740 3354 1938 3405 Beroiis
1958 3353 2171 3404 nutricis
2189 3354 2464 3416 accedens,

256 3438 482 3481 mortem
502 3433 577 3481 illi
601 3434 915 3497 procuravit.
981 3434 1146 3484 Paulo
1169 3436 1521 3499 post-Jupiter
1558 3420 1674 3486 cum
1697 3435 1901 3487 Jnuone
1936 3432 2226 3496 disputans,
2257 3439 2374 3482 utra
2394 3433 2463 3482 sit

255 3511 439 3562 Venus
460 3514 684 3577 suavior,
705 3514 957 3565 Tiresiam
981 3512 1195 3564 adhibet
1214 3513 1499 3564 arbitrum:
1537 3512 1953 3580 qnandoquidem
1984 3525 2162 3560 sexum
2186 3519 2462 3577 utrumqne

256 3589 439 3642 suerat
475 3602 741 3657 expertus.
807 3595 861 3644 Is
905 3595 1014 3645 lata
1052 3600 1236 3644 contra
1270 3594 1528 3645 Junonem
1567 3592 1845 3655 sententia,
1884 3591 1949 3641 ab
1986 3591 2075 3641 illa
2107 3591 2316 3657 quidem
2347 3594 2462 3645 visu

257 3673 513 3736 privatus,
543 3690 574 3724 a
615 3674 750 3725 Jove
799 3681 972 3724 autem
1022 3672 1341 3723 vaticinandi
1388 3672 1657 3723 scientiam
1697 3679 2000 3722 consecutus
2046 3677 2145 3724 est.
2230 3672 2461 3723 Primum

253 3753 371 3812 ejns
413 3754 678 3803 oraculum
721 3753 774 3802 in
821 3753 1065 3804 Narcisso
1109 3753 1500 3817 comprobatum
1545 3752 1675 3803 fuit:
1732 3752 1820 3817 qui
1853 3742 1980 3803 “cum
2026 3752 2225 3816 puellas
2266 3766 2463 3814 omues,

253 3834 396 3884 inter
418 3848 547 3899 quas
566 3843 619 3886 et
642 3834 785 3884 Echo
810 3848 918 3898 prae
941 3834 1128 3884 amoris
1146 3834 1475 3899 impatientia
1490 3834 1542 3883 in
1561 3847 1737 3902 vocem
1757 3831 1930 3883 fuerat
1951 3847 2218 3895 conversa,
2230 3839 2460 3883 contem-

253 3916 447 3976 sisset;
482 3915 560 3965 sui
600 3916 762 3979 ipsius
800 3914 1025 3980 deniqne
1064 3930 1238 3966 amore
1276 3914 1671 3975 contabescens,
1706 3910 1800 3962 flos
1839 3910 2008 3961 factus
2031 3919 2129 3962 est.
2195 3912 2460 3965 Pentheus

253 4004 429 4047 tamen
454 4003 627 4045 vatem
646 3996 779 4045 hunc
802 3994 1069 4058 irridebat,
1089 4009 1380 4060 quanquam
1413 4002 1470 4044 et
1491 3993 1589 4057 ipsi
1614 4004 1732 4041 vera
1757 3990 2091 4055 praedixerat.
2160 3990 2210 4040 N
2215 4006 2317 4055 am,
2337 4007 2456 4043 cnm

252 4074 455 4125 Bacchi
491 4074 884 4125 celebrarentur
915 4075 1098 4139 Orgia,
1135 4066 1221 4125 ille
1265 4072 1515 4124 famulum
1562 4072 1816 4138 quendam
1858 4084 2137 4134 sacrorum,
2181 4076 2455 4139 postquam

251 4163 436 4209 nantas
467 4155 521 4205 iu
541 4155 710 4220 pisces
741 4154 900 4207 fuisse
922 4154 1311 4207 transformatos
1332 4155 1681 4218 intellexerat,
1701 4153 1754 4203 in
1789 4151 1994 4202 vincula
2015 4150 2265 4215 conjecit.
2299 4159 2456 4217 atque

251 4234 378 4286 inde
413 4251 446 4286 a
480 4235 699 4291 Bacchis
738 4235 844 4288 fuit
876 4237 1206 4303 discerptus.
1239 4237 1295 4289 id
1327 4234 1462 4368 quod
1502 4249 1736 4302 magnam
1759 4231 1898 4300 apud
1918 4247 2096 4284 omnes
2118 4231 2273 4284 fidem
2295 4236 2454 4284 sacris

254 4316 574 4370 conciliavit.
