2925 4706
452 312 587 393 824
1096 335 1200 387 An
1246 335 1519 386 mvum
1564 335 2003 389 Aucus-rau.

455 474 638 546 Tene
665 500 792 562 ego
818 480 1112 547 sustineo
1137 483 1427 565 positum
1454 482 1779 546 scelerata
1806 481 2028 548 videre
2044 483 2077 546 Ἰ
2520 481 2648 547 135

544 583 727 647 Tene
750 603 919 648 meae
951 590 1255 667 poterunt
1287 604 1557 667 ungere,
1586 591 1763 661 nate,
1786 604 2017 648 manus
2037 586 2068 649 ‘1
2281 612 2290 617 ·

460 683 664 750 Nunc
695 705 817 767 ego
846 693 910 750 te
939 686 1170 750 infelix
1202 707 1530 752 summum
1555 692 1875 771 teneoque
1899 694 2176 770 tuorque
2195 689 2226 752 ‘t

547 784 936 872 Effingoque
968 808 1198 853 manus
1219 791 1249 852 'P
1296 808 1542 872 oraque
1568 788 1653 852 ad
1682 807 1801 853 ora
1827 788 2014 854 fero?

463 885 665 953 Nunc
696 891 978 972 primum
1002 882 1319 974 aspiceris
1347 890 1581 956 consul
1610 892 1951 975 victorque
1977 889 2228 973 parenti
2244 889 2276 953 'P

482 990 485 997 '
550 988 666 1054 Sic
694 991 876 1071 mihi,
915 993 1015 1057 sic
1042 993 1300 1059 miserae
1329 992 1601 1057 nomina
1630 998 1821 1055 tanta
1848 990 2048 1055 refers
2063 991 2096 1054 Ἰ
2528 989 2655 1053 140

466 1088 666 1169 Quos
689 1094 970 1177 primum
995 1094 1136 1159 vidi
1162 1094 1413 1173 fasceS,
1434 1096 1510 1159 in
1533 1094 1764 1161 funere
1785 1092 1964 1159 vidi:

551 1193 642 1259 Et
670 1194 806 1260 vidi
835 1215 1128 1275 eversoS,
1158 1197 1611 1280 indiciumque
1635 1194 1820 1261 mali.

470 1294 650 1375 Quis
673 1296 940 1362 credat?
984 1300 1329 1365 matrilux
1356 1299 1507 1365 baec
1535 1296 1967 1363 moestissima
1994 1295 2195 1373 venit,

557 1396 714 1476 Qua
736 1406 968 1463 natum
994 1400 1063 1463 in
1090 1420 1346 1465 summo
1375 1398 1550 1466 vidit
1577 1400 1831 1463 honore
1859 1416 2080 1462 suum.

454 1494 707 1563 ‘Jamne
733 1519 858 1581 ego
887 1519 1021 1565 non
1048 1501 1254 1567 felix?
1290 1502 1436 1585 Jam
1471 1521 1632 1585 pars
1660 1501 1826 1564 mihi
1855 1505 2053 1584 rapta
2081 1497 2450 1577 Neronum,
2535 1499 2661 1563 145

559 1597 850 1665 Materni
877 1602 1131 1666 celeber
1155 1604 1423 1668 nomine
1452 1602 1719 1667 Drusus
1733 1601 1859 1666 'avi
1877 1602 1908 1665 ‘l

471 1698 520 1765 J
521 1719 712 1765 amne
744 1722 929 1768 meus
957 1722 1086 1767 non
1112 1710 1235 1784 est,
1265 1723 1385 1769 nec
1413 1724 1524 1768 me
1548 1703 1711 1768 facit
1737 1703 1850 1767 ille
1875 1708 2218 1786 parentem
2239 1704 2269 1767 ’ἲ

559 1801 608 1868 J
610 1821 797 1869 amne
824 1804 920 1870 fui
951 1805 1157 1870 Drusi
1183 1808 1437 1871 mater?
1486 1809 1555 1870 et
1577 1807 1726 1888 ipse
1751 1805 1881 1870 fuit
1897 1805 1928 1868 ‘l

408 1969 435 1984 κ
476 1904 630 1969 Nec
658 1924 810 1969 cum
836 1906 1163 1979 victorem
1186 1908 1501 1973 referetur
1528 1906 1766 1972 adesse
1795 1905 2155 1981 Neronem,

564 2004 810 2071 Dicere
829 2007 975 2090 jam
1003 2013 1264 2091 potero,
1298 2008 1549 2093 Major,
1581 2028 1667 2074 an
1694 2009 1879 2087 alter,
1910 2008 2153 2075 adest‘!
2545 2006 2668 2071 150

478 2104 741 2172 Ultima
766 2109 1193 2194 contigimus:
1228 2109 1344 2195 jus
1372 2111 1604 2177 matris
1632 2112 1953 2177 habemus
1979 2111 2067 2175 ab
2094 2127 2251 2175 uno.

567 2207 780 2275 Unius
809 2217 916 2277 est
938 2232 1200 2291 munus,
1226 2213 1406 2297 quod
1432 2219 1652 2305 tamen
1678 2212 1842 2277 orba
1863 2231 2087 2294 negor.

482 2306 604 2375 Me
634 2310 987 2379 miseram!
1036 2313 1347 2393 extimui,
1375 2312 1712 2400 frigusque
1742 2333 1864 2399 per
1890 2331 2054 2379 ossa
2078 2311 2392 2380 cucurrit.

570 2412 693 2480 Nil
720 2434 846 2498 ego
869 2417 1013 2501 jam
1038 2433 1318 2500 possum
1347 2420 1536 2479 certa
1562 2434 1804 2482 vocare
1828 2434 2077 2481 meum.
2201 2475 2206 2480 .

485 2511 629 2582 Hic
656 2535 848 2584 meus
879 2536 1041 2583 ecce
1066 2517 1233 2583 fuit:
1269 2518 1466 2603 jubet
1489 2517 1601 2582 hic
1629 2517 1714 2583 de
1740 2518 1942 2583 stane
1969 2517 2205 2583 vereri.
2558 2516 2689 2581 155

572 2616 817 2684 Omnia
836 2619 981 2703 jam
1005 2626 1271 2686 metuo:
1311 2619 1543 2685 fortior
1568 2625 1718 2685 ante
1744 2619 1864 2685 fui.

487 2719 761 2804 Sospite
788 2726 854 2786 te
880 2721 1112 2787 saltem
1138 2722 1404 2801 moriar,
1435 2720 1646 2800 Nero,
1673 2726 1747 2787 tu
1769 2739 1924 2786 mea
1949 2719 2200 2786 condas

577 2818 881 2899 Lumina,
899 2827 966 2885 et
993 2822 1301 2906 excipias
1326 2823 1503 2888 hanc
1530 2822 1820 2888 animam
1848 2841 1962 2888 ore
1989 2822 2129 2906 pio.

489 2916 717 3004 Atque
742 2922 1001 2987 utinam
1029 2922 1236 2988 Drusi
1263 2943 1499 2990 manus
1529 2925 1760 3003 altera,
1789 2929 1857 2989 et
1884 2924 2094 2991 altera
2118 2923 2366 3006 fratris,

579 3020 961 3089 Formarent
985 3026 1252 3106 oculos,
1281 3028 1943 3111 comprimerentque,
1967 3026 2187 3091 meos!
2567 3023 2697 3089 160

495 3122 698 3204 Quod
725 3125 903 3206 licet,
934 3127 1061 3194 hoe
1089 3134 1264 3195 certe
1293 3131 1544 3196 tumulo
1571 3147 1891 3213 ponemur
1916 3128 1986 3192 in
2008 3145 2171 3204 uno,

582 3225 842 3293 Druse:
886 3248 1101 3315 neque
1126 3230 1212 3295 ad
1237 3239 1501 3297 veteres
1526 3230 1838 3296 conditus
1863 3230 1996 3295 ibis
2025 3247 2217 3295 avos.

496 3325 847 3395 Miscebor
868 3330 1199 3416 cinerique
1224 3332 1418 3411 cinis,
1447 3340 1655 3417 atque
1683 3332 1950 3398 ossibus
1979 3348 2158 3397 ossa.

587 3429 789 3496 Hanc
815 3433 1036 3498 lucem
1067 3433 1262 3498 celeri
1284 3434 1543 3499 turbine
1571 3432 1793 3499 Parca
1818 3431 2010 3497 neat!

501 3528 682 3596 Haec
710 3537 780 3597 et
803 3534 997 3616 plura
1019 3534 1257 3601 refert:
1298 3535 1618 3621 lacrymae
1647 3553 1773 3600 sua
1798 3534 2007 3600 verba
2035 3537 2426 3616 sequuntur,
2577 3532 2710 3598 165

589 3628 860 3716 Oraque
885 3635 1325 3720 nequicquam
1353 3654 1471 3722 per
1494 3634 1702 3701 modo
1727 3638 1965 3719 questa
1989 3633 2217 3699 fluunt.

506 3942 583 3995 bii
621 3942 776 3995 Liber
808 3944 1115 3996 mum-1⁸8
1147 3942 1251 3996 Am
1271 3946 1313 3996 Δ
1551 3947 1889 3995 ουσιαι-141
1925 3941 2092 3993 Meno
2059 3956 2176 3992 ore·
2199 3942 2364 3999 Qun-⁶
2404 3942 2722 4020 thgevdn·

514 4009 702 4065 Qum.-
735 4009 854 4060 e.dd
872 4009 1369 4074 priam—142
1465 4009 1612 4060 ultiv
1615 4009 2020 4064 oluntinoenur
2057 4005 2242 4057 Heins-
2265 4005 2722 4058 Suadam

394 4187 401 4194 x
510 4077 781 4186 {xm-n.
784 4143 945 4188 -146
975 4074 1145 4190 medo
1150 4082 1335 4204 &patin
1336 4090 1474 4188 Ξῗιιο
1441 4042 2729 4188 ἕῧᾶσᾞεῖοῶᾚᾶ-ἑῧῗιιῖἒιεκαῗωῧ.

513 4202 679 4250 -ua
708 4201 852 4254 vett.
868 4201 1127 4263 daretur.-
1158 4203 1302 4268 vulg.
1320 4203 1576 4263 Μιναίαν.
1574 4207 1736 4255 -101
1769 4200 1954 4255 neim.
1971 4198 2477 4265 ouiboedmpuut
2511 4215 2546 4251 ο
2571 4204 2729 4253 eete-
