2925 4706
875 362 1435 414 nssrauom’nos
1447 363 1586 413 non
1637 365 1784 416 ms.
1830 367 1929 417 iv,
2330 355 2500 421 1061

299 505 654 571 Extremos
683 506 855 571 albia
884 507 952 571 in
980 507 1267 572 turribus
1300 508 1511 590 egerit
1531 527 1762 573 annos,

299 606 478 672 Nais
508 627 593 671 au
621 612 694 672 ut
721 614 944 687 cantu,
968 609 1372 692 nimiumque
1398 611 1787 692 potentibus
1815 611 2057 690 habia,

294 707 586 773 verterit
612 710 681 772 in
710 711 956 774 tacitos
972 710 1294 794 juvenilia
1322 728 1605 795 corpora
1633 713 1892 797 pisces}
2410 716 2500 781 50

298 810 531 875 Donec
562 810 735 875 idern
764 831 975 895 passa
1003 816 1139 877 est:
1185 831 1294 889 an,
1327 831 1485 895 quae
1516 834 1720 897 poma
1750 815 1907 880 alba
1934 815 2214 896 ferebat,

295 913 397 977 Ut
419 932 592 978 nune
619 916 811 996 nigra
836 915 1005 979 serat
1033 920 1340 979 contactu
1370 919 1710 999 sanguinis
1739 919 1955 983 arbor.

294 1013 474 1079 Haec
502 1015 767 1098 placet:
811 1015 1003 1093 hanc,
1027 1017 1337 1099 quoniam
1369 1019 1667 1099 vulgaris
1695 1019 1926 1085 sabula
1951 1040 2087 1087 non
2116 1028 2242 1100 est,

292 1116 578 1182 Talibus
604 1137 759 1182 orsa
784 1119 1027 1197 modis,
1057 1120 1212 1184 lana
1236 1138 1363 1184 sua
1388 1118 1504 1184 fila
1531 1128 1865 1205 sequente.

324 1442 508 1509 FAB-
553 1447 683 1513 IV.
773 1451 1041 1535 Pyrami
1071 1459 1139 1518 et
1165 1454 1455 1520 Thisbes
1487 1476 1679 1521 cruor
1708 1458 1774 1521 in
1803 1459 2106 1523 arborem
2140 1456 2427 1525 Morum.

285 1609 566 1661 Pmrws
589 1619 644 1662 et
661 1614 855 1665 Thisbe
879 1618 1021 1668 urbis
1044 1619 1370 1683 Babyloniae,
1385 1636 1541 1685 qnam
1563 1622 1858 1673 Semiramis
1881 1622 2062 1687 regina
2080 1638 2223 1672 muro
2237 1624 2490 1687 cinxerat,

353 1696 409 1740 et
433 1699 590 1743 aetate
611 1702 664 1744 et
685 1695 852 1746 forma
876 1714 1043 1762 pares,
1060 1715 1176 1750 cum
1200 1701 1248 1750 in
1273 1703 1564 1768 propinquo
1586 1703 1902 1764 habitarent,
1926 1691 2053 1752 rirna
2077 1705 2290 1766 parietis
2312 1712 2367 1754 et
2384 1705 2488 1754 col-

354 1770 509 1836 loquii
542 1780 598 1823 et
630 1777 816 1825 amoris
856 1778 1005 1841 initia
1037 1781 1175 1829 inter
1208 1795 1263 1830 se
1297 1781 1558 1846 pignerari
1592 1790 1728 1832 suut.
1797 1784 2188 1834 Constituerunt
2221 1786 2395 1849 itaque
2429 1791 2489 1834 ut

355 1853 606 1910 matutino
629 1855 692 1904 ad
727 1868 1111 1911 monumentum
1144 1862 1268 1912 Nini
1292 1864 1426 1928 regis
1451 1864 1547 1913 snb
1571 1866 1804 1914 arborem
1829 1880 2024 1913 morum
2049 1866 2386 1915 convenirent
2407 1864 2485 1946 gd

352 1946 596 1984 amorem.
661 1937 731 1986 Et
755 1952 872 1988 curn
895 1940 1116 1991 celerius
1137 1942 1232 1992 sub
1252 1944 1422 1993 lucem
1443 1944 1652 2006 Thisbe,
1678 1952 1832 1994 nacta
1865 1945 2206 2009 occasionem,
2241 1946 2305 1994 ad
2327 1945 2491 1995 desti-

347 2018 530 2064 natum
541 2015 711 2065 locum
737 2019 982 2083 venisset,
995 2030 1280 2086 conspecta
1296 2024 1480 2074 leaenoe
1493 2026 1766 2087 exterrita,
1783 2026 1989 2089 abjecto
2003 2027 2213 2086 ainictu,
2227 2026 2487 2089 insylvarn

348 2090 561 2158 refugit.
634 2095 708 2146 At
741 2097 854 2148 fera
875 2116 906 2149 a
929 2104 1128 2152 recenti
1152 2104 1346 2168 praeda,
1366 2119 1485 2154 curn
1518 2105 1585 2154 ad
1607 2104 1806 2155 fontem
1833 2107 2056 2156 vicinum
2090 2107 2284 2155 tumulo
2305 2106 2486 2155 sitiens

348 2174 674 2236 decurreret,
702 2179 934 2229 relictam
958 2190 1157 2232 vestem
1191 2191 1407 2233 cruento
1436 2199 1526 2233 ore
1549 2184 1817 2235 laceravit.
1883 2185 2013 2235 Post
2035 2186 2178 2250 cujus
2202 2185 2484 2234 discessum

346 2253 605 2319 Pyramus
628 2272 744 2307 cum
780 2259 843 2309 ad
884 2261 1105 2311 eundem
1139 2263 1306 2312 locum
1328 2265 1573 2327 venisset,
1607 2271 1662 2313 et
1685 2264 1928 2314 amictum
1951 2260 2198 2328 sangnine
2220 2257 2484 2329 aspersum

343 2337 649 2401 invenisset,
687 2340 984 2392 existimans
1018 2359 1049 2392 a
1083 2341 1198 2394 fera
1229 2351 1569 2406 consumtum,
1596 2342 1734 2393 ferro
1765 2359 1821 2394 se
1856 2345 1952 2394 sub
1991 2343 2170 2394 arbore
2203 2342 2487 2395 interfecit.

347 2418 555 2468 Deinde
577 2421 785 2484 Thisbe,
810 2423 1047 2487 deposito
1079 2430 1238 2487 metu,
1254 2439 1369 2474 cum
1402 2423 1469 2473 ad
1507 2423 1726 2473 eundem
1755 2423 1940 2474 fuisset
1970 2439 2181 2474 reversa
2216 2425 2405 2488 locum,
2429 2431 2484 2473 et

345 2501 685 2564 comperisset
698 2518 752 2551 se
775 2518 982 2554 causam
1004 2506 1184 2555 mortis
1194 2505 1539 2555 adolescentis
1554 2506 1811 2570 extitisse,
1830 2506 2104 2570 nediutius
2119 2505 2281 2553 dolori
2304 2518 2483 2569 super·

344 2587 500 2641 esset,
531 2582 714 2631 eodem
736 2582 874 2634 ferro
898 2599 953 2633 se
981 2586 1206 2650 trajecit,
1237 2601 1453 2652 quorum
1486 2600 1669 2635 cruore
1691 2600 1861 2635 morus
1885 2585 2055 2647 arbor,
2077 2599 2191 2648 quoe
2216 2582 2484 2633 foedissiml

344 2663 639 2724 spectaculi
660 2664 835 2715 fuerat
857 2666 1162 2731 inspectrix,
1195 2681 1366 2732 poma,
1399 2682 1513 2733 qua·
1553 2665 1768 2730 gerebat
1807 2666 1943 2730 alba,
1965 2666 2016 2715 in
2046 2664 2303 2714 conscium
2327 2665 2484 2716 vertit

344 2742 588 2794 colorem.

277 2858 365 2945 P
375 2901 686 2950 ruamus
711 2893 786 2951 et
813 2887 1088 2966 Thisbe,
1112 2889 1432 2973 juvenum
1464 2887 1947 2974 pulcherrimus
1978 2888 2165 2967 alter,
2392 2886 2479 2953 55

271 3037 519 3099 adoptatis
537 3037 705 3098 pesnis
725 3037 966 3097 trajecerit
988 3052 1139 3086 oevum
1174 3038 1391 3087 ultimum
1414 3039 1467 3086 in
1488 3036 1705 3086 candidis
1723 3036 1935 3086 eun-ihu
1951 3055 1967 3085 .·
2000 3052 2064 3085 an
2084 3042 2140 3086 nt
2176 3038 2297 3085 Nais
2319 3042 2473 3085 muta-

275 3102 401 3150 verit
425 3101 477 3149 in
499 3107 652 3150 mutos
671 3102 823 3165 pisces
858 3107 1018 3164 canta,
1055 3107 1102 3150 et
1133 3102 1431 3163 grunnitibus
1465 3103 1662 3150 nimium
1698 3102 1957 3165 efficacibus
1991 3116 2189 3164 corpora
2214 3101 2471 3162 Juvenum«,

272 3168 421 3214 donec
442 3167 566 3214 idem
588 3172 783 3229 experta
804 3173 873 3215 est
888 3184 903 3215 .·
937 3181 999 3214 un
1023 3171 1075 3214 nt
1097 3167 1256 3229 arbor,
1278 3182 1381 3230 quae
1398 3165 1680 3229 producebat
1716 3178 1853 3226 poma
1871 3166 1978 3214 albu
1999 3169 2189 3214 emittat
2222 3180 2343 3213 nunc
2364 3169 2474 3213 atra

272 3236 496 3279 contacta
515 3232 712 3279 cruoris.
780 3230 903 3280 Haec
924 3231 1109 3280 arridet
1125 3248 1142 3281 .·
1174 3232 1308 3296 hanc,
1344 3231 1572 3295 siquidem
1595 3228 1769 3290 subulo
1789 3243 1883 3277 non
1915 3234 1987 3278 est
2008 3230 2151 3291 trito,
2188 3229 2257 3277 sic
2278 3243 2473 3278 narrare
2545 3264 2560 3276 .

271 3295 503 3358 occepit,
527 3298 638 3343 tana
658 3301 872 3359 sequente
893 3297 1091 3362 unfit«.

340 3373 418 3410 ιν.
451 3360 687 3424 Pyram
715 3365 763 3409 et
785 3361 969 3423 Thisbe,
990 3363 1114 3411 alter
1143 3361 1521 3423 elegantissimus
1539 3359 1786 3424 juvenum,
1820 3359 1972 3410 attera
1998 3354 2347 3416 formosissima
2378 3358 2477 3406 vir-

1195 3469 1251 3489 00
1258 3470 1367 3490 0000
1374 3470 1553 3490 O‘OOOO

263 3538 512 3589 meliores
537 3555 549 3588 :
587 3539 639 3588 in
663 3538 966 3605 quibusdam
983 3539 1176 3589 coluisse
1191 3554 1211 3595 ,-
1242 3546 1298 3587 et
1319 3539 1404 3587 alii
1421 3542 1625 3587 mutasse
1640 3537 1720 3585 vel
1756 3535 2136 3587 habitune-⁴8
2164 3536 2304 3588 Albis
2317 3536 2476 3588 habet

269 3604 352 3657 Fi.
373 3603 429 3652 S.
454 3604 640 3667 Marci,
657 3612 710 3653 et
738 3606 832 3654 Ro.
866 3619 958 3667 pro
981 3604 1084 3654 div.
1108 3605 1232 3655 lect.
1274 3603 1361 3651 alii
1382 3603 1513 3652 altis.
1548 3602 1610 3651 ln
1637 3615 1739 3651 uno
1761 3601 1827 3649 V.
1853 3601 2024 3663 Egerit
2045 3609 2281 3652 extremos
2295 3604 2406 3653 altis
2424 3603 2477 3652 in

266 3662 482 3718 &mrem
501 3684 662 3718 annos.
697 3669 842 3719 Unus
873 3668 937 3718 Α.
962 3676 1017 3718 et
1041 3670 1207 3731 Marg.
1230 3667 1452 3731 Gryphii
1493 3673 1548 3715 et
1570 3667 1772 3715 Bersm.
1796 3666 1845 3714 in
1869 3666 2249 3717 montilium—50
2284 3668 2345 3717 In
2370 3683 2472 3717 uno

267 3733 420 3783 Leid.
444 3748 540 3798 pro
557 3733 663 3783 div.
688 3734 808 3784 lect.
829 3734 878 3782 in
898 3736 1228 3798 patulos-63
1249 3732 1391 3782 Libri
1410 3738 1537 3780 vett.
1559 3745 1746 3794 magna
1765 3745 1831 3780 ex
1856 3738 2004 3796 parte
2024 3731 2133 3781 Hoc
2149 3733 2319 3797 placet,
2341 3732 2473 3790 haec:

1270 3864 1482 3915 NOTAE

265 3963 466 4028 pariter
487 3964 653 4014 Deam
676 3963 868 4015 factam
883 3963 1187 4014 crediderit:
1214 3978 1329 4013 curn
1410 3962 1563 4023 feras,
1604 3959 1995 4013 Semiramidem
2035 3973 2148 4007 sese
2189 3960 2469 4025 recepisse,

262 4040 559 4106 prasertim
579 4040 671 4090 filii
709 4039 893 4090 frande
931 4040 1196 4089 evanuisse
1219 4055 1329 4090 eam
1414 4039 1496 4085 vel
1519 4036 1680 4085 filium
1720 4036 1832 4099 ejus
1877 4031 2092 4082 eandem
2138 4036 2470 4103 conclusisse,

262 4118 500 4168 nonnulli
522 4118 843 4181 scripserint.
1410 4113 1547 4162 haud
1572 4112 1791 4162 absurde
1815 4107 2114 4160 credideris.

328 4198 397 4243 48
430 4195 491 4244 In
507 4196 741 4259 turribus]
764 4194 865 4245 Ubi
882 4193 1149 4245 nidificare
1162 4194 1330 4244 solent
1472 4192 1538 4239 49
1572 4186 1717 4251 Nais]
1752 4186 1995 4251 Nympha
2026 4186 2136 4235 haec
2168 4186 2300 4237 Solis
2333 4188 2469 4239 insu-

264 4269 538 4325 colnmbae.
606 4273 742 4337 Quo,
778 4272 823 4322 si
862 4271 927 4321 ad
962 4270 1228 4323 historiam
1251 4285 1328 4321 re·
1408 4267 1529 4332 lam,
1564 4266 1647 4318 cui
1669 4273 1724 4315 et
1744 4278 1929 4315 nomen
1955 4263 2169 4330 Nosala,
2206 4273 2263 4316 et
2306 4267 2466 4329 Nym-
