2925 4706
985 351 1250 402 sanias
1295 352 1852 406 courenmoss.
2381 340 2511 410 871

322 510 389 547 ex
412 495 579 546 irisula
611 500 888 547 conaretur
920 501 1041 561 post
1072 503 1274 561 patrem
1305 498 1536 560 evolare,
1558 497 1854 550 submersus
1886 506 2000 549 est:
2033 500 2248 566 ejusque
2267 500 2516 565 exequias

318 575 665 627 celebrantem
705 583 908 639 patrem
946 575 1079 625 vidit
1112 576 1319 640 perdix,
1350 591 1380 626 e
1399 576 1532 628 Telo
1557 592 1724 642 nuper
1746 577 2130 634 transformata.
2192 580 2421 634 'l'lieseus
2443 579 2518 632 in.-

320 664 488 719 terea,
510 670 633 706 cum
647 656 799 706 valde
817 655 1035 714 celebris
1047 657 1160 720 jam
1182 665 1336 722 esset,
1357 658 1425 708 ad
1446 673 1630 723 aprum
1645 659 2002 725 Calydonium,
2013 662 2159 726 cnjus
2178 659 2517 716 interfectore

319 736 545 799 sublato,
561 750 762 802 sorores
784 737 900 801 eJus
915 738 969 787 in
991 736 1330 801 meleagrides
1352 753 1473 788 aves
1492 744 1869 804 mutatu-sunt,
1884 739 1987 792 fnit
2007 746 2341 792 convocatas.
2382 738 2517 792 Inda

316 817 386 869 ad
412 817 693 868 Acheloum
713 817 1004 880 divertitur,
1023 825 1080 867 et
1095 817 1383 872 Echinades
1401 819 1595 869 insulas
1610 820 1887 884 conopicit,
1901 821 1954 870 ia
1971 835 2098 885 quas
2119 820 2347 871 Naiades
2367 826 2520 871 erant

242 935 247 942 ·
318 913 606 950 conversa.
671 898 827 951 Quod
862 899 940 949 ita
977 898 1093 949 fleri
1131 899 1358 963 potuisse
1389 900 1576 960 Lelex,
1596 900 1819 965 primam
1840 901 2086 952 Baucidis
2108 909 2165 952 et
2199 900 2518 954 Philemonis

316 979 510 1046 probat
530 980 792 1043 exemplo,
819 980 981 1044 quiin
1003 980 1212 1030 arbores
1245 977 1440 1031 fuerint
1461 982 1796 1033 commutati:
1831 982 1968 1032 sient
1998 988 2055 1033 et
2075 981 2256 1032 domus
2289 982 2517 1046 ipsorum

318 1059 376 1111 in
396 1060 666 1125 templum,
702 1074 762 1110 ac
787 1075 950 1124 pagus
975 1061 1088 1125 ipse
1122 1060 1174 1110 in
1195 1066 1452 1125 stagnum.
1519 1062 1781 1113 Achelous
1806 1062 1997 1116 deinde
2020 1061 2203 1113 Protei
2224 1068 2282 1112 et
2301 1062 2518 1114 Μαίη

317 1139 799 1193 transformationes
817 1140 1017 1204 adiicit,
1035 1155 1099 1192 ac
1119 1155 1240 1191 suas
1271 1141 1515 1206 danique,
1544 1141 1730 1206 quibas
1752 1156 1874 1193 nans
1904 1142 2163 1208 qnondam
2182 1140 2379 1206 fuerat,
2397 1155 2516 1196 cnm

319 1221 492 1286 ipsum
514 1228 776 1286 premeret
798 1221 1075 1284 Hercules,
1092 1220 1268 1284 gratia
1290 1221 1576 1273 Deianiroe.

388 1302 509 1352 Lta.
528 1315 607 1354 tx.
640 1303 773 1354 Hae
794 1302 871 1352 illi
891 1309 1076 1366 postea
1097 1307 1291 1354 vestem
1312 1301 1476 1364 misit,
1499 1317 1603 1367 qua
1632 1303 1790 1367 periit
1810 1303 2112 1370 (postquam
2132 1301 2320 1358 Lichas
2339 1301 2394 1354 in
2413 1315 2526 1354 sco·

316 1383 498 1447 pulum
521 1382 622 1434 fuit
642 1382 944 1447 translatus)
966 1390 1021 1434 et
1036 1384 1091 1434 ia
1105 1383 1291 1434 colam
1313 1383 1596 1434 traductus
1608 1391 1708 1436 est.
1771 1385 1900 1440 Tum
1922 1384 2179 1438 Alcmena
2197 1381 2266 1434 ad
2287 1381 2434 1434 Iolen
2461 1397 2519 1436 se

319 1463 577 1515 contulit:
611 1462 761 1528 eique
799 1462 1172 1516 Galanthidem
1209 1463 1261 1514 in
1283 1464 1578 1526 minstelam,
1600 1472 1655 1515 st
1680 1465 1770 1522 illa
1789 1465 2018 1518 vicissim
2038 1478 2264 1516 sororem
2286 1477 2431 1513 suam
2464 1464 2519 1514 in

315 1542 558 1600 arborem
579 1558 879 1595 conversam
899 1545 1145 1596 narravit.
1184 1544 1197 1561 '
1212 1544 1431 1596 Interim
1465 1547 1768 1610 supervenit
1788 1546 1915 1610 ipsis
1945 1546 2142 1608 Iolaus,
2157 1549 2405 1608 manta
2422 1556 2520 1608 per

320 1623 514 1675 Heben
525 1625 823 1688 juventute.
890 1624 955 1674 Id
979 1625 1114 1691 qnod
1136 1638 1237 1675 non
1263 1639 1413 1689 posse
1436 1625 1673 1676 omnibus
1692 1627 2015 1691 contingere,
2029 1625 2245 1689 Jupiter
2266 1623 2414 1678 Rati
2431 1637 2523 1676 ex·

322 1705 494 1769 emplo
515 1705 688 1757 docet.
753 1704 909 1757 Hune
943 1704 1149 1770 fugiens
1184 1706 1423 1768 Miletus,
1458 1706 1512 1754 in
1545 1704 1730 1756 Asiam
1747 1706 2007 1771 discessit,
2026 1712 2082 1757 et
2103 1703 2377 1769 Bybiidem
2399 1718 2522 1768 pro·

320 1786 524 1838 creuit
538 1793 701 1852 atque
718 1787 950 1842 (hmani
970 1802 984 1838 t
1017 1786 1171 1851 cujas
1191 1786 1282 1837 illa
1302 1785 1564 1836 desiderio
1583 1784 1864 1849 tabefacta,
1885 1787 1938 1837 ln
1952 1785 2150 1840 fontem
2171 1785 2348 1848 periit·
2386 1785 2520 1838 Qun

320 1866 531 1931 quidem
555 1879 637 1918 res
659 1868 819 1932 magis
854 1868 988 1920 mira
1017 1866 1218 1917 cunctis
1240 1866 1344 1918 visa
1375 1863 1591 1927 fuisset3
1625 1866 1726 1916 nisi
1749 1867 1903 1931 paulo
1927 1874 2051 1920 ante
2073 1865 2237 1932 Iphis,
2254 1865 2371 1931 ipso
2390 1879 2521 1931 nup·

321 1946 513 2000 tiaram
532 1948 643 2010 die,
657 1949 857 2000 virilem
877 1962 1053 2004 sexum
1069 1948 1374 2018 accepisset.

327 2078 335 2087 ,
384 2026 509 2084 Lta.
529 2041 591 2078 x.
619 2028 720 2080 His
742 2043 909 2092 porro
919 2028 1116 2092 nuptiis
1131 2028 1221 2093 qui
1242 2026 1560 2082 interfuerat
1580 2027 1921 2093 Hymennns,
1943 2028 2011 2080 ad
2033 2028 2298 2093 Orpheum
2319 2026 2442 2082 indo
2462 2042 2522 2080 se

320 2109 564 2172 contulit,
584 2109 676 2160 sed
712 2109 848 2160 malo
867 2110 1071 2163 omines
1104 2109 1523 2175 qandoquidem
1558 2123 1677 2161 mox
1699 2109 1831 2162 obiit
1862 2109 2148 2174 Eurydice,
2166 2116 2224 2162 et
2245 2114 2428 2173 postea
2446 2121 2522 2162 ao-

321 2180 515 2240 cnhdo.
577 2190 709 2242 Cum
728 2190 942 2256 quidem
960 2205 1064 2241 non
1085 2190 1241 2241 aliter
1261 2190 1534 2255 obstupuit
1566 2191 1829 2257 Orpheus,
1865 2202 2015 2256 quam
2038 2191 2127 2256 qni
2152 2190 2380 2242 Cerbero
2397 2202 2519 2242 con·

320 2275 505 2333 specto
527 2284 713 2320 saxeus
747 2278 829 2321 est
864 2268 1099 2322 effectus.
1164 2272 1360 2321 Postea
1400 2286 1520 2322 cnm
1553 2271 1605 2320 in
1630 2276 1803 2321 monte
1826 2271 2048 2336 quodam
2073 2271 2241 2319 varias
2274 2266 2525 2319 transfor-

321 2349 573 2401 mationes
595 2352 712 2416 lyra
734 2352 1070 2417 exprimeret,
1091 2343 1430 2403 accurrerunt
1451 2352 1663 2403 arbores
1682 2366 1877 2416 omnes,
1897 2358 1951 2401 et
1974 2352 2112 2401 inter
2134 2356 2338 2400 ceteras
2369 2349 2521 2413 pinus

321 2444 392 2479 ex
414 2429 543 2496 Aty,
564 2439 621 2482 et
643 2447 919 2497 cupressus
940 2448 970 2483 e
992 2432 1271 2498 Cyparisso
1292 2439 1511 2482 mutata.
1995 2490 2000 2495 ἱ

391 2512 511 2561 Lm.
532 2525 613 2562 n.
646 2512 784 2563 Hinc
803 2514 1037 2564 ‘l'hraciae
1073 2514 1315 2564 mulieres
1354 2528 1472 2563 cum
1511 2513 1654 2563 illum
1678 2511 2091 2576 discerpsissent,
2110 2511 2162 2560 in
2183 2510 2393 2560 arbores
2413 2524 2523 2560 mu·

322 2596 451 2642 tate
472 2600 607 2643 sunt.
645 2593 774 2643 Tum
793 2594 1031 2643 Bacchus
1052 2609 1081 2644 e
1097 2594 1313 2644 Thracia
1329 2595 1569 2657 recessit,
1591 2602 1646 2643 et
1662 2592 1824 2644 Midae
1842 2608 1937 2657 pro
1955 2593 2127 2642 Sileno
2141 2590 2387 2643 restituto
2409 2589 2522 2640 auri

322 2672 525 2736 copiam
546 2672 709 2725 fecit:
745 2675 886 2739 cujus
904 2689 1019 2725 cum
1041 2675 1184 2724 illum
1205 2676 1504 2740 pmniteret‚
1524 2677 1577 2725 in
1596 2675 1817 2725 Pactolo
1835 2675 1992 2734 lotus,
2005 2687 2189 2722 arenas
2205 2671 2320 2741 'ejus
2343 2685 2524 2722 aureas

324 2752 575 2804 reddidit.
617 2755 813 2805 Postea
836 2756 1063 2806 Phoebus
1081 2771 1175 2820 pro
1196 2756 1370 2821 iniquo
1384 2756 1591 2821 jndicio
1613 2769 1764 2805 aures
1789 2755 1863 2804 illi
1886 2753 2109 2803 asininas
2133 2751 2334 2802 tribuit.
2401 2752 2523 2804 Quo

320 2829 486 2894 facto,
526 2834 696 2897 Trojae
735 2836 939 2899 moenia,
975 2836 1243 2885 humanam
1282 2835 1496 2886 indutus
1535 2836 1773 2898 formam,
1809 2834 2082 2885 exstruxit.
2148 2833 2301 2883 Hanc
2343 2831 2522 2882 urbem

318 2921 595 2978 postquam
614 2915 758 2979 cepit
779 2915 1054 2978 Hercules,
1075 2915 1352 2965 Hesionam
1375 2918 1646 2967 Telamoni
1670 2931 1879 2966 uxorem
1897 2914 2074 2965 dedit:
2108 2912 2525 2979 quandoquidem

323 2994 519 3044 Peleus
531 2994 644 3058 jam
665 2994 935 3044 Thetidem
962 3002 1082 3059 post
1097 2995 1284 3045 multas
1306 2995 1419 3057 ejus
1440 2995 1913 3046 transformationes
1934 2995 2187 3044 duxerat:
2223 3000 2279 3043 et
2300 2990 2365 3041 ad
2390 2992 2525 3056 Cey-

325 3088 445 3124 cem
469 3083 652 3138 postea
675 3072 1330 3138 profectns‚Doedalionem
1355 3074 1407 3123 in
1428 3075 1747 3139 accipitrem,
1786 3081 1841 3124 et
1873 3075 2051 3139 lupum
2082 3073 2134 3121 in
2161 3072 2384 3137 lapidem
2406 3086 2527 3122 con·

322 3168 551 3217 versum,
567 3155 753 3218 partim
770 3155 1116 3218 intellexerat,
1128 3155 1317 3221 partim
1343 3155 1455 3220 ipse
1470 3155 1687 3207 viderat.
1708 3155 1919 3205 Accidit
1933 3153 2142 3217 deinde,
2156 3161 2215 3204 nt
2236 3154 2528 3217 Halcyone,

324 3235 518 3286 marito
540 3241 660 3299 post
694 3222 1015 3300 naufragium
1059 3237 1155 3287 snb
1190 3237 1431 3301 Morphei
1469 3236 1634 3302 figura
1672 3235 1956 3286 secundum
1978 3235 2204 3299 quietem
2227 3240 2531 3297 conspecto,

325 3314 383 3364 in
408 3329 574 3378 avem,
598 3316 732 3365 sicut
747 3323 803 3365 et
820 3318 1050 3380 maritus,
1063 3323 1369 3367 mutaretur.
1437 3319 1581 3371 Quos
1600 3318 1652 3367 in
1675 3317 1796 3367 aere
1815 3316 2051 3365 volantes
2072 3328 2189 3363 cum
2208 3313 2527 3362 animadver-

329 3396 518 3446 tissent
541 3396 766 3461 quidam,
800 3396 1040 3448 AEsacum
1076 3399 1331 3463 quondam
1366 3398 1419 3447 in
1442 3412 1696 3463 mergum,
1731 3396 1818 3462 qui
1842 3401 1949 3445 turn
1976 3393 2112 3444 forte
2135 3393 2335 3456 aderat,
2352 3393 2529 3442 memi-

329 3490 458 3528 nere
483 3475 915 3528 transformatum.
1729 3525 1742 3539 ,

399 3558 521 3606 Lm.
546 3571 647 3608 ιιι.
683 3558 821 3608 Huic
847 3567 955 3609 tum
980 3560 1219 3609 Priamus
1259 3562 1429 3625 pater,
1469 3565 1714 3624 tanquam
1738 3563 1959 3616 mortuo,
1995 3554 2243 3620 exequias
2262 3551 2394 3604 fecit
2423 3567 2528 3604 uua

329 3652 451 3688 cnm
474 3636 620 3699 tiliis,
654 3647 875 3702 excepto
900 3646 1072 3688 tamen
1095 3638 1306 3700 Paride,
1329 3640 1417 3704 qui
1440 3639 1492 3687 in
1517 3637 1776 3688 Graeciam
1805 3634 2066 3701 profectus
2089 3642 2238 3685 erat:
2272 3646 2526 3699 quemque

328 3715 524 3767 deinde
546 3720 801 3782 persecuti
825 3720 1019 3781 Groeci,
1040 3720 1317 3770 draconem
1341 3719 1531 3769 Aulide
1553 3718 1812 3782 lapideum
1830 3717 2067 3767 viderunt
2088 3717 2362 3768 redditum.
2394 3713 2528 3764 Inde

331 3798 542 3862 Cycnus
563 3799 627 3848 ab
651 3800 851 3849 Achille
881 3801 1080 3850 occisus
1112 3801 1166 3850 in
1195 3815 1342 3850 avem
1374 3801 1631 3861 vertitnr3
1664 3815 1779 3849 cnm
1801 3797 2189 3848 invulnerabilis
2218 3795 2434 3845 fnisset:
2468 3803 2529 3845 nt

330 3890 389 3929 et
414 3877 585 3928 Caenis
621 3880 741 3929 olim
772 3881 823 3929 in
860 3881 1122 3945 Caeneum,
1161 3889 1281 3945 post
1304 3882 1355 3931 in
1392 3896 1561 3944 avem,
1579 3886 1911 3930 commutata.
1957 3877 2110 3930 Quod
2132 3891 2250 3926 cnm
2270 3883 2528 3925 narrasset

330 3960 552 4023 Nestor,
575 3961 917 4025 Periclymeni
941 3978 1141 4027 quoque
1166 3963 1644 4013 transformationes
1665 3960 1918 4025 adjunxit.

400 4039 519 4090 Lm.
546 4054 668 4091 xm.
702 4042 980 4105 Neptunus
1020 4043 1207 4093 deinde
1250 4043 1442 4094 Achilii
1479 4051 1695 4094 mortem
1735 4046 1998 4106 procurat.
2067 4039 2150 4088 De
2186 4038 2334 4103 cnjus
2373 4038 2531 4088 armis

336 4117 477 4184 Ajax
502 4127 559 4171 et
581 4122 759 4187 Ulixes
783 4131 900 4188 post
939 4131 1152 4175 mortem
1186 4125 1524 4177 contendunt.
1590 4124 1752 4189 Ajace
1775 4137 1898 4173 vero
1927 4122 2024 4172 hac
2044 4117 2111 4171 de
2132 4133 2287 4170 cansa
2305 4126 2529 4180 mortuo,
