2925 4706
506 321 637 389 854
1164 338 1625 390 nenor’noon
1676 337 2075 388 rursum.

511 484 805 551 Fluxere
830 484 1080 550 interea
1106 483 1285 568 pede
1309 483 1834 566 tempora‘lapsa
1861 482 2083 564 fugaci
2097 502 2122 562 ς
2150 497 2158 506 ’

599 586 1055 669 Praevenitque
1086 585 1511 649 tuasflebilis
1539 585 1704 649 hora
1734 602 1981 648 moras,

511 687 819 754 Forsitan
845 697 960 752 aut
990 688 1275 752 nondum
1301 686 1533 751 fractis
1562 706 1908 751 occurrere
1938 683 2163 763 rebus,

591 788 730 856 Aut
756 799 1022 875 poteras
1052 790 1278 855 fractis
1308 791 1495 855 utilis
1522 810 1671 854 esse
1699 796 1938 854 tamen.
2640 787 2720 851 20

506 891 649 957 Cur
673 895 937 976 potiora
970 893 1092 957 tibi
1110 892 1526 975 'Rhodopeia
1555 910 1756 973 regna
1787 892 1989 969 suere,

591 993 899 1078 Quaeque
924 995 1142 1076 magis
1173 995 1394 1076 regnis
1426 1012 1585 1058 cara
1613 993 1837 1076 puella
1866 990 1994 1056 fuit
2017 993 2050 1056 ‘1

504 1095 772 1162 Intonat
800 1097 905 1160 his
938 1097 1269 1160 Acamas:
1318 1095 1552 1158 eadem
1582 1114 1744 1159 mox
1775 1093 2014 1176 objicit
2042 1093 2320 1176 AEthra;

590 1197 835 1262 Infelix
865 1198 1106 1262 functae
1127 1198 1272 1281 jam
1306 1216 1515 1280 prope
1548 1198 1746 1260 sortis
1779 1215 1971 1260 anus·

504 1298 590 1364 Et
618 1300 800 1383 quod
834 1320 964 1364 non
995 1300 1281 1365 condant
1308 1301 1450 1363 nati
1478 1319 1605 1363 sna
1633 1298 1886 1363 lumina
1914 1298 2181 1383 palmae,
2631 1299 2717 1365 25

590 1401 868 1466 Fecisse
896 1402 1042 1466 haec
1072 1408 1337 1464 nostras
1374 1403 1588 1482 arguit
1615 1418 1832 1483 nsque
1860 1418 2108 1465 moras.

502 1502 664 1568 Non
692 1504 1002 1586 equidem
1033 1502 1325 1567 inficior:
1371 1502 1652 1566 multum
1683 1502 2002 1565 clamavit
2035 1505 2341 1585 uterque:

585 1602 809 1668 Staret
839 1603 1162 1667 Threiciis
1192 1623 1342 1680 cum
1374 1604 1534 1666 mihi
1559 1603 1817 1686 puppis
1846 1602 2065 1684 aquis·

500 1704 820 1783 Poscunt,
854 1705 1323 1787 Demophoon,
1348 1702 1550 1785 (qnid
1581 1722 1806 1766 cessas
1822 1699 1890 1785 T)
1917 1703 2203 1766 carbasa
2229 1703 2454 1767 venti:

587 1807 1027 1889 Demophoon
1058 1806 1312 1888 patrios
1344 1806 1604 1888 respice
1632 1804 1791 1868 dure
1822 1804 2033 1869 Deos.
2629 1805 2717 1871 30

500 1909 839 1992 Respice:
884 1916 950 1970 et
980 1907 1387 1989 exemplum,
1419 1923 1568 1988 qua·
1585 1906 1862 1986 gaudes,
1897 1905 2213 1990 Phyllida
2246 1926 2465 1972 sume.

583 2009 700 2073 Sic
731 2015 937 2086 amat,
970 2015 1043 2073 ut
1071 2012 1243 2072 terra
1270 2008 1444 2072 nolit
1476 2009 1656 2072 abire
1687 2028 1832 2072 sua.

495 2110 721 2195 thue
750 2112 958 2176 redire
989 2111 1178 2189 velis,
1210 2131 1342 2176 non
1375 2117 1446 2176 ut
1478 2112 1825 2175 comitetur
1855 2115 2142 2188 euntem,

580 2212 681 2276 Te
707 2220 936 2295 rogat:
980 2218 1047 2276 et
1068 2198 1344 2296 praefert'
1361 2213 1642 2277 barbara
1671 2231 1871 2293 regna
1898 2213 2055 2278 tuis.

496 2313 615 2379 Me
644 2320 864 2379 tamen
890 2315 1037 2381 haec
1070 2314 1233 2378 inter
1260 2307 1538 2381 ‘tacitum
1570 2315 1873 2379 convicia
1902 2333 2093 2401 saepe
2624 2314 2721 2380 35

578 2416 907 2482 Adversis
937 2408 1203 2481 memini
1234 2425 1397 2483 vota
1425 2418 1662 2484 tulisse
1694 2417 1923 2483 Notis.

496 2518 696 2605 Saepe
718 2519 987 2583 abitura
1015 2524 1133 2582 tuo
1166 2525 1515 2602 ponentem
1545 2518 1820 2584 brachia
1848 2518 2053 2597 collo,

579 2619 905 2685 Gavisum
935 2621 1001 2684 in
1029 2620 1273 2685 fluctus
1306 2640 1577 2704 aequora
1600 2626 1780 2685 mota
1811 2626 2054 2684 truces·

494 2720 643 2785 Nec
673 2729 957 2786 metuam
988 2723 1111 2788 hoc
1144 2724 1299 2806 ipso
1331 2742 1558 2787 coram
1588 2722 1885 2803 genitore
1916 2720 2147 2787 fateri:

577 2822 877 2888 Libertas
906 2824 1155 2887 meritis
1187 2831 1292 2888 est
1319 2825 1477 2888 mihi
1510 2824 1688 2888 facta
1717 2825 1850 2889 tuis
1874 2844 1894 2903 ;
2621 2827 2712 2889 40

489 2926 758 3003 Dicere,
791 2947 920 2990 non
951 2925 1113 2990 duro
1144 2925 1453 2991 dilectam
1488 2924 1796 3010 Phyllida
1825 2926 1993 3009 liqui
2571 2963 2580 2969 ·

577 3026 890 3092 Pectore:
935 3048 1053 3092 nec
1086 3047 1389 3112 praeceps
1420 3030 1571 3093 vela
1599 3029 1868 3097 ferenda
1892 3028 2072 3092 dedi.

487 3128 577 3193 Et
605 3130 802 3210 flevi3
843 3136 908 3195 et
933 3120 1198 3196 flentem
1223 3132 1500 3196 solando
1532 3151 1737 3214 saepe,
1772 3131 2086 3209 remansi,

570 3230 744 3296 Cum
773 3236 973 3296 staret
1000 3251 1235 3295 cursus
1256 3234 1401 3314 jam
1434 3233 1589 3295 mihi
1622 3238 1805 3302 certa
1833 3232 2000 3297 dies·

484 3335 795 3418 Denique
828 3333 1144 3397 Threicia
1174 3334 1324 3397 veni
1356 3341 1537 3399 rate:
1583 3355 1716 3400 non
1741 3335 1898 3398 dare
1930 3334 2187 3418 Phyllis
2620 3336 2721 3403 45

568 3433 791 3514 Quam
819 3436 1064 3519 potuit,
1085 3436 1294 3521 jussit
1319 3437 1574 3502 tardius
1605 3439 1700 3502 ire
1731 3444 1959 3503 ratem.

478 3760 541 3807 14
577 3755 661 3805 Me
682 3752 799 3804 sinit
836 3767 969 3804 corr.
991 3753 1173 3805 Heius.
1207 3757 1360 3817 vulgo
1395 3771 1479 3806 uec
1509 3756 1875 3807 sinite—192⁰
1909 3755 2045 3805 Edd.
2081 3734 2284 3804 Bet-sm.
2308 3762 2366 3806 et
2390 3730 2635 3811 Plautii».
2661 3767 2714 3810 et

475 3820 706 3871 nondam:
741 3818 924 3879 fractio
961 3821 1232 3883 rescripsit
1274 3821 1462 3877 Heium,
1491 3836 1586 3884 pro
1613 3820 1784 3879 sactis.
1821 3820 1951 3869 Edd.
1992 3821 2190 3869 Boram.
2212 3820 2386 3870 Plant.
2409 3831 2468 3871 et
2487 3824 2713 3889 Gryph-

476 3900 593 3933 ann.
620 3888 761 3934 1654.
796 3886 864 3933 Ae
894 3890 1223 3947 poteram—21
1263 3888 1364 3934 Cur
1386 3888 1520 3949 conj.
1544 3886 1725 3934 Heius.
1761 3885 1912 3942 vulgo
1939 3886 2073 3932 Cum.
2108 3885 2242 3933 Edd.
2270 3885 2388 3934 And.
2411 3888 2623 3938 Berm-
2649 3897 2718 3939 et

360 3954 363 3955 ’
474 3949 717 4005 Plautio.
736 3949 923 4011 potiora
943 3950 1205 4000 mitat—„2³
1233 3953 1436 4003 Acamas
1457 3966 1594 4000 corr.
1621 3951 1803 3999 Heius.
1822 3950 1975 4011 vulgo
2000 3950 2377 3999 Athama—26
2411 3951 2544 4002 Hoee
2561 3954 2715 4017 conj.

476 4012 662 4062 Heius.
689 4028 783 4076 pro
818 4013 1044 4062 hieu-30
1078 4012 1214 4064 Dure
1253 4015 1332 4062 vel
1370 4015 1496 4063 iture
1535 4016 1715 4063 Heius.
1744 4015 1894 4076 vulgo
1915 4011 2055 4075 jure.-
2110 4013 2204 4061 Ed.
2230 4014 2436 4077 Gryph.
2473 4017 2717 4068 mm.—

475 4079 542 4124 89
564 4078 714 4138 ipsum
733 4078 1055 4126 Bersmr-zn
1095 4079 1270 4127 Dicere
1293 4081 1431 4141 conj.
1456 4080 1637 4129 Heius.
1661 4094 1752 4142 pro
1775 4079 2064 4128 Diem—45
2091 4079 2207 4128 Hoc
2225 4078 2486 4128 (instit-hon
2511 4081 2715 4133 Burm-

473 4139 588 4188 vnlt
611 4141 685 4188 ita
706 4140 831 4189 refin
872 4155 992 4190 cre:
1046 4140 1246 4204 Remige
1264 4143 1484 4205 Threicio
1507 4145 1646 4199 veni3
1681 4160 1791 4193 nam
1828 4158 1920 4192 non
1952 4145 2066 4192 dare
2105 4144 2292 4207 Phyllis
2331 4145 2491 4199 Quam
2527 4148 2716 4211 toltit,

460 4203 605 4264 jussu
626 4204 811 4252 tardius
875 4219 902 4252 e
922 4209 1104 4255 rotem:
1140 4208 1249 4270 vel,
1281 4208 1482 4273 Remige
1519 4206 1734 4259 meio-io
1766 4209 1889 4274 veui,
1918 4214 2022 4259 me
2044 4222 2153 4259 nan
2173 4213 2292 4260 aare
2311 4209 2511 4273 Phylli·
2536 4210 2716 4267 Qum
